%% This BibTeX bibliography file was created using BibDesk.
%% http://bibdesk.sourceforge.net/

%% Created for Siddharth Mishra-Sharma at 2020-03-03 21:51:45 -0500 


%% Saved with string encoding Unicode (UTF-8) 


@comment{%% This BibTeX bibliography file was created using BibDesk. %% http://bibdesk.sourceforge.net/  %% Created for Siddharth Mishra-Sharma at 2019-06-05 14:16:53 -0400    %% Saved with string encoding Unicode (UTF-8)}
@comment{%% This BibTeX bibliography file was created using BibDesk. %% http://bibdesk.sourceforge.net/  %% Created for Siddharth Mishra-Sharma at 2019-05-16 17:25:59 -0400    %% Saved with string encoding Unicode (UTF-8)}


@string{june = {June}}


@article{Lisanti:2017qoz,
	Archiveprefix = {arXiv},
	Author = {Lisanti, Mariangela and Mishra-Sharma, Siddharth and Rodd, Nicholas L. and Safdi, Benjamin R. and Wechsler, Risa H.},
	Date-Added = {2020-03-03 21:43:15 -0500},
	Date-Modified = {2020-03-03 21:43:15 -0500},
	Doi = {10.1103/PhysRevD.97.063005},
	Eprint = {1709.00416},
	Journal = {Phys. Rev.},
	Number = {6},
	Pages = {063005},
	Primaryclass = {astro-ph.CO},
	Reportnumber = {MIT-CTP-4930, PUPT-2533, MCTP-17-14},
	Slaccitation = {%%CITATION = ARXIV:1709.00416;%%},
	Title = {{Mapping Extragalactic Dark Matter Annihilation with Galaxy Surveys: A Systematic Study of Stacked Group Searches}},
	Volume = {D97},
	Year = {2018},
	Bdsk-Url-1 = {https://doi.org/10.1103/PhysRevD.97.063005}}

@article{Jarvis:2015tqa,
	Archiveprefix = {arXiv},
	Author = {Jarvis, Matt J. and Bacon, David and Blake, Chris and Brown, Michael L. and Lindsay, Sam N. and Raccanelli, Alvise and Santos, Mario and Schwarz, Dominik},
	Date-Added = {2020-03-03 15:25:44 -0500},
	Date-Modified = {2020-03-03 15:25:44 -0500},
	Eprint = {1501.03825},
	Primaryclass = {astro-ph.CO},
	Slaccitation = {%%CITATION = ARXIV:1501.03825;%%},
	Title = {{Cosmology with SKA Radio Continuum Surveys}},
	Year = {2015}}

@article{Fomalont:2004hr,
	Archiveprefix = {arXiv},
	Author = {Fomalont, Edward B. and Reid, M.},
	Date-Added = {2020-03-03 15:25:23 -0500},
	Date-Modified = {2020-03-03 15:25:23 -0500},
	Doi = {10.1016/j.newar.2004.09.037},
	Eprint = {astro-ph/0409611},
	Journal = {New Astron. Rev.},
	Pages = {1473-1482},
	Primaryclass = {astro-ph},
	Slaccitation = {%%CITATION = ASTRO-PH/0409611;%%},
	Title = {{Microarcsecond astrometry using the SKA}},
	Volume = {48},
	Year = {2004},
	Bdsk-Url-1 = {https://doi.org/10.1016/j.newar.2004.09.037}}

@article{2017arXiv171205420S,
	Adsnote = {Provided by the SAO/NASA Astrophysics Data System},
	Adsurl = {https://ui.adsabs.harvard.edu/abs/2017arXiv171205420S},
	Archiveprefix = {arXiv},
	Author = {{Sanderson}, Robyn E. and others},
	Date-Added = {2020-03-03 15:22:49 -0500},
	Date-Modified = {2020-03-03 21:44:03 -0500},
	Eid = {arXiv:1712.05420},
	Eprint = {1712.05420},
	Journal = {arXiv e-prints},
	Keywords = {Astrophysics - Instrumentation and Methods for Astrophysics, Astrophysics - Earth and Planetary Astrophysics, Astrophysics - Astrophysics of Galaxies, Astrophysics - Solar and Stellar Astrophysics},
	Month = dec,
	Pages = {arXiv:1712.05420},
	Primaryclass = {astro-ph.IM},
	Title = {{Astrometry with the Wide-Field InfraRed Space Telescope}},
	Year = 2017}

@article{Zackrisson:2009rc,
	Archiveprefix = {arXiv},
	Author = {Zackrisson, E. and Riehm, T.},
	Date-Added = {2020-02-24 11:35:18 -0500},
	Date-Modified = {2020-02-24 11:35:18 -0500},
	Doi = {10.1155/2010/478910},
	Eprint = {0905.4075},
	Journal = {Adv. Astron.},
	Pages = {478910},
	Primaryclass = {astro-ph.CO},
	Slaccitation = {%%CITATION = ARXIV:0905.4075;%%},
	Title = {{Gravitational lensing as a probe of cold dark matter subhalos}},
	Volume = {2010},
	Year = {2010},
	Bdsk-Url-1 = {https://doi.org/10.1155/2010/478910}}

@article{Croon:2020wpr,
	Archiveprefix = {arXiv},
	Author = {Croon, Djuna and McKeen, David and Raj, Nirmal},
	Date-Added = {2020-02-24 11:20:56 -0500},
	Date-Modified = {2020-02-24 11:20:56 -0500},
	Eprint = {2002.08962},
	Primaryclass = {astro-ph.CO},
	Slaccitation = {%%CITATION = ARXIV:2002.08962;%%},
	Title = {{Gravitational microlensing by dark matter in extended structures}},
	Year = {2020}}

@misc{seaborn,
	Author = {Michael Waskom and others},
	Date-Added = {2020-02-20 23:05:38 -0500},
	Date-Modified = {2020-02-20 23:05:38 -0500},
	Doi = {10.5281/zenodo.883859},
	Month = sep,
	Title = {mwaskom/seaborn: v0.8.1 (September 2017)},
	Url = {https://doi.org/10.5281/zenodo.883859},
	Year = 2017,
	Bdsk-Url-1 = {https://doi.org/10.5281/zenodo.883859}}

@article{Mondino:2020rkn,
	Archiveprefix = {arXiv},
	Author = {Mondino, Cristina and Taki, Anna-Maria and Van Tilburg, Ken and Weiner, Neal},
	Date-Added = {2020-02-18 16:41:07 -0500},
	Date-Modified = {2020-02-18 16:41:07 -0500},
	Eprint = {2002.01938},
	Primaryclass = {astro-ph.CO},
	Slaccitation = {%%CITATION = ARXIV:2002.01938;%%},
	Title = {{First Results on Dark Matter Substructure from Astrometric Weak Lensing}},
	Year = {2020}}

@article{Erickcek:2010fc,
	Archiveprefix = {arXiv},
	Author = {Erickcek, Adrienne L. and Law, Nicholas M.},
	Date-Added = {2020-02-18 16:08:25 -0500},
	Date-Modified = {2020-02-18 16:08:25 -0500},
	Doi = {10.1088/0004-637X/729/1/49},
	Eprint = {1007.4228},
	Journal = {Astrophys. J.},
	Pages = {49},
	Primaryclass = {astro-ph.CO},
	Slaccitation = {%%CITATION = ARXIV:1007.4228;%%},
	Title = {{Astrometric Microlensing by Local Dark Matter Subhalos}},
	Volume = {729},
	Year = {2011},
	Bdsk-Url-1 = {https://doi.org/10.1088/0004-637X/729/1/49}}

@article{Li:2012qha,
	Archiveprefix = {arXiv},
	Author = {Li, Fangda and Erickcek, Adrienne L. and Law, Nicholas M.},
	Date-Added = {2020-02-18 16:08:18 -0500},
	Date-Modified = {2020-02-18 16:08:18 -0500},
	Doi = {10.1103/PhysRevD.86.043519},
	Eprint = {1202.1284},
	Journal = {Phys. Rev.},
	Pages = {043519},
	Primaryclass = {astro-ph.CO},
	Slaccitation = {%%CITATION = ARXIV:1202.1284;%%},
	Title = {{A new probe of the small-scale primordial power spectrum: astrometric microlensing by ultracompact minihalos}},
	Volume = {D86},
	Year = {2012},
	Bdsk-Url-1 = {https://doi.org/10.1103/PhysRevD.86.043519}}

@article{Erickcek:2011us,
	Archiveprefix = {arXiv},
	Author = {Erickcek, Adrienne L. and Sigurdson, Kris},
	Date-Added = {2020-02-18 16:01:20 -0500},
	Date-Modified = {2020-02-18 16:01:20 -0500},
	Doi = {10.1103/PhysRevD.84.083503},
	Eprint = {1106.0536},
	Journal = {Phys. Rev.},
	Pages = {083503},
	Primaryclass = {astro-ph.CO},
	Slaccitation = {%%CITATION = ARXIV:1106.0536;%%},
	Title = {{Reheating Effects in the Matter Power Spectrum and Implications for Substructure}},
	Volume = {D84},
	Year = {2011},
	Bdsk-Url-1 = {https://doi.org/10.1103/PhysRevD.84.083503}}

@article{Schmid:1998mx,
	Archiveprefix = {arXiv},
	Author = {Schmid, Christoph and Schwarz, Dominik J. and Widerin, Peter},
	Date-Added = {2020-02-18 16:01:07 -0500},
	Date-Modified = {2020-02-18 16:01:07 -0500},
	Doi = {10.1103/PhysRevD.59.043517},
	Eprint = {astro-ph/9807257},
	Journal = {Phys. Rev.},
	Pages = {043517},
	Primaryclass = {astro-ph},
	Reportnumber = {ETH-TH-98-19},
	Slaccitation = {%%CITATION = ASTRO-PH/9807257;%%},
	Title = {{Amplification of cosmological inhomogeneities from the QCD transition}},
	Volume = {D59},
	Year = {1999},
	Bdsk-Url-1 = {https://doi.org/10.1103/PhysRevD.59.043517}}

@article{Aslanyan:2015hmi,
	Archiveprefix = {arXiv},
	Author = {Aslanyan, Grigor and Price, Layne C. and Adams, Jenni and Bringmann, Torsten and Clark, Hamish A. and Easther, Richard and Lewis, Geraint F. and Scott, Pat},
	Date-Added = {2020-02-18 15:53:55 -0500},
	Date-Modified = {2020-02-18 15:53:55 -0500},
	Doi = {10.1103/PhysRevLett.117.141102},
	Eprint = {1512.04597},
	Journal = {Phys. Rev. Lett.},
	Number = {14},
	Pages = {141102},
	Primaryclass = {astro-ph.CO},
	Slaccitation = {%%CITATION = ARXIV:1512.04597;%%},
	Title = {{Ultracompact minihalos as probes of inflationary cosmology}},
	Volume = {117},
	Year = {2016},
	Bdsk-Url-1 = {https://doi.org/10.1103/PhysRevLett.117.141102}}

@article{Delos:2018ueo,
	Archiveprefix = {arXiv},
	Author = {Delos, M. Sten and Erickcek, Adrienne L. and Bailey, Avery P. and Alvarez, Marcelo A.},
	Date-Added = {2020-02-18 15:52:46 -0500},
	Date-Modified = {2020-02-18 15:52:46 -0500},
	Doi = {10.1103/PhysRevD.98.063527},
	Eprint = {1806.07389},
	Journal = {Phys. Rev.},
	Number = {6},
	Pages = {063527},
	Primaryclass = {astro-ph.CO},
	Slaccitation = {%%CITATION = ARXIV:1806.07389;%%},
	Title = {{Density profiles of ultracompact minihalos: Implications for constraining the primordial power spectrum}},
	Volume = {D98},
	Year = {2018},
	Bdsk-Url-1 = {https://doi.org/10.1103/PhysRevD.98.063527}}

@article{Delos:2017thv,
	Archiveprefix = {arXiv},
	Author = {Delos, M. Sten and Erickcek, Adrienne L. and Bailey, Avery P. and Alvarez, Marcelo A.},
	Date-Added = {2020-02-18 15:52:31 -0500},
	Date-Modified = {2020-02-18 15:52:31 -0500},
	Doi = {10.1103/PhysRevD.97.041303},
	Eprint = {1712.05421},
	Journal = {Phys. Rev.},
	Number = {4},
	Pages = {041303},
	Primaryclass = {astro-ph.CO},
	Slaccitation = {%%CITATION = ARXIV:1712.05421;%%},
	Title = {{Are ultracompact minihalos really ultracompact?}},
	Volume = {D97},
	Year = {2018},
	Bdsk-Url-1 = {https://doi.org/10.1103/PhysRevD.97.041303}}

@article{Paczynski:1985jf,
	Author = {Paczynski, Bohdan},
	Date-Added = {2020-02-18 11:26:19 -0500},
	Date-Modified = {2020-02-18 11:26:19 -0500},
	Doi = {10.1086/164140},
	Journal = {Astrophys. J.},
	Pages = {1-5},
	Slaccitation = {%%CITATION = ASJOA,304,1;%%},
	Title = {{Gravitational microlensing by the galactic halo}},
	Volume = {304},
	Year = {1986},
	Bdsk-Url-1 = {https://doi.org/10.1086/164140}}

@article{Bringmann:2011ut,
	Archiveprefix = {arXiv},
	Author = {Bringmann, Torsten and Scott, Pat and Akrami, Yashar},
	Date-Added = {2020-02-18 10:55:03 -0500},
	Date-Modified = {2020-02-18 10:55:03 -0500},
	Doi = {10.1103/PhysRevD.85.125027},
	Eprint = {1110.2484},
	Journal = {Phys. Rev.},
	Pages = {125027},
	Primaryclass = {astro-ph.CO},
	Slaccitation = {%%CITATION = ARXIV:1110.2484;%%},
	Title = {{Improved constraints on the primordial power spectrum at small scales from ultracompact minihalos}},
	Volume = {D85},
	Year = {2012},
	Bdsk-Url-1 = {https://doi.org/10.1103/PhysRevD.85.125027}}

@article{Ricotti:2009bs,
	Archiveprefix = {arXiv},
	Author = {Ricotti, Massimo and Gould, Andrew},
	Date-Added = {2020-02-18 10:54:22 -0500},
	Date-Modified = {2020-02-18 10:54:22 -0500},
	Doi = {10.1088/0004-637X/707/2/979},
	Eprint = {0908.0735},
	Journal = {Astrophys. J.},
	Pages = {979-987},
	Primaryclass = {astro-ph.CO},
	Slaccitation = {%%CITATION = ARXIV:0908.0735;%%},
	Title = {{A New Probe of Dark Matter and High-Energy Universe Using Microlensing}},
	Volume = {707},
	Year = {2009},
	Bdsk-Url-1 = {https://doi.org/10.1088/0004-637X/707/2/979}}

@article{Niemeyer:1999ak,
	Archiveprefix = {arXiv},
	Author = {Niemeyer, Jens C. and Jedamzik, K.},
	Date-Added = {2020-02-18 10:53:11 -0500},
	Date-Modified = {2020-02-18 10:53:11 -0500},
	Doi = {10.1103/PhysRevD.59.124013},
	Eprint = {astro-ph/9901292},
	Journal = {Phys. Rev.},
	Pages = {124013},
	Primaryclass = {astro-ph},
	Slaccitation = {%%CITATION = ASTRO-PH/9901292;%%},
	Title = {{Dynamics of primordial black hole formation}},
	Volume = {D59},
	Year = {1999},
	Bdsk-Url-1 = {https://doi.org/10.1103/PhysRevD.59.124013}}

@article{Carr:1975qj,
	Author = {Carr, Bernard J.},
	Date-Added = {2020-02-18 10:52:24 -0500},
	Date-Modified = {2020-02-18 10:52:24 -0500},
	Doi = {10.1086/153853},
	Journal = {Astrophys. J.},
	Pages = {1-19},
	Slaccitation = {%%CITATION = ASJOA,201,1;%%},
	Title = {{The Primordial black hole mass spectrum}},
	Volume = {201},
	Year = {1975},
	Bdsk-Url-1 = {https://doi.org/10.1086/153853}}

@article{Berezinsky:2013fxa,
	Archiveprefix = {arXiv},
	Author = {Berezinsky, V. S. and Dokuchaev, V. I. and Eroshenko, {\relax Yu}. N.},
	Date-Added = {2020-02-18 10:03:18 -0500},
	Date-Modified = {2020-02-18 10:03:18 -0500},
	Doi = {10.1088/1475-7516/2013/11/059},
	Eprint = {1308.6742},
	Journal = {JCAP},
	Pages = {059},
	Primaryclass = {astro-ph.CO},
	Slaccitation = {%%CITATION = ARXIV:1308.6742;%%},
	Title = {{Formation and internal structure of superdense dark matter clumps and ultracompact minihaloes}},
	Volume = {1311},
	Year = {2013},
	Bdsk-Url-1 = {https://doi.org/10.1088/1475-7516/2013/11/059}}

@article{Chluba:2012we,
	Archiveprefix = {arXiv},
	Author = {Chluba, Jens and Erickcek, Adrienne L. and Ben-Dayan, Ido},
	Date-Added = {2020-02-18 10:01:41 -0500},
	Date-Modified = {2020-02-18 10:01:41 -0500},
	Doi = {10.1088/0004-637X/758/2/76},
	Eprint = {1203.2681},
	Journal = {Astrophys. J.},
	Pages = {76},
	Primaryclass = {astro-ph.CO},
	Slaccitation = {%%CITATION = ARXIV:1203.2681;%%},
	Title = {{Probing the inflaton: Small-scale power spectrum constraints from measurements of the CMB energy spectrum}},
	Volume = {758},
	Year = {2012},
	Bdsk-Url-1 = {https://doi.org/10.1088/0004-637X/758/2/76}}

@article{2020SciPy-NMeth,
	Adsurl = {https://rdcu.be/b08Wh},
	Author = {{Virtanen}, Pauli and others},
	Date-Added = {2020-02-17 18:23:39 -0500},
	Date-Modified = {2020-03-03 21:46:45 -0500},
	Doi = {https://doi.org/10.1038/s41592-019-0686-2},
	Journal = {Nature Methods},
	Title = {{SciPy 1.0: Fundamental Algorithms for Scientific Computing in Python}},
	Year = {2020},
	Bdsk-Url-1 = {https://doi.org/10.1038/s41592-019-0686-2}}

@article{Essig:2018pzq,
	Archiveprefix = {arXiv},
	Author = {Essig, Rouven and Mcdermott, Samuel D. and Yu, Hai-Bo and Zhong, Yi-Ming},
	Date-Added = {2020-02-17 09:18:52 -0500},
	Date-Modified = {2020-02-17 09:18:52 -0500},
	Doi = {10.1103/PhysRevLett.123.121102},
	Eprint = {1809.01144},
	Journal = {Phys. Rev. Lett.},
	Number = {12},
	Pages = {121102},
	Primaryclass = {hep-ph},
	Reportnumber = {FERMILAB-PUB-18-437-A},
	Slaccitation = {%%CITATION = ARXIV:1809.01144;%%},
	Title = {{Constraining Dissipative Dark Matter Self-Interactions}},
	Volume = {123},
	Year = {2019},
	Bdsk-Url-1 = {https://doi.org/10.1103/PhysRevLett.123.121102}}

@article{Chang:2018bgx,
	Archiveprefix = {arXiv},
	Author = {Chang, Jae Hyeok and Egana-Ugrinovic, Daniel and Essig, Rouven and Kouvaris, Chris},
	Date-Added = {2020-02-17 09:18:32 -0500},
	Date-Modified = {2020-02-17 09:18:32 -0500},
	Doi = {10.1088/1475-7516/2019/03/036},
	Eprint = {1812.07000},
	Journal = {JCAP},
	Number = {03},
	Pages = {036},
	Primaryclass = {hep-ph},
	Slaccitation = {%%CITATION = ARXIV:1812.07000;%%},
	Title = {{Structure Formation and Exotic Compact Objects in a Dissipative Dark Sector}},
	Volume = {1903},
	Year = {2019},
	Bdsk-Url-1 = {https://doi.org/10.1088/1475-7516/2019/03/036}}

@article{Bonaca:2020psc,
	Archiveprefix = {arXiv},
	Author = {Bonaca, Ana and Conroy, Charlie and Hogg, David W. and Cargile, Phillip A. and Caldwell, Nelson and Naidu, Rohan P. and Price-Whelan, Adrian M. and Speagle, Joshua S. and Johnson, Benjamin D.},
	Date-Added = {2020-02-17 09:11:18 -0500},
	Date-Modified = {2020-02-17 09:11:18 -0500},
	Eprint = {2001.07215},
	Primaryclass = {astro-ph.GA},
	Slaccitation = {%%CITATION = ARXIV:2001.07215;%%},
	Title = {{High-resolution spectroscopy of the GD-1 stellar stream localizes the perturber near the orbital plane of Sagittarius}},
	Year = {2020}}

@article{Banik:2019cza,
	Archiveprefix = {arXiv},
	Author = {Banik, Nilanjan and Bovy, Jo and Bertone, Gianfranco and Erkal, Denis and de Boer, T. J. L.},
	Date-Added = {2020-02-17 09:10:29 -0500},
	Date-Modified = {2020-02-17 09:10:29 -0500},
	Eprint = {1911.02662},
	Primaryclass = {astro-ph.GA},
	Slaccitation = {%%CITATION = ARXIV:1911.02662;%%},
	Title = {{Evidence of a population of dark subhalos from Gaia and Pan-STARRS observations of the GD-1 stream}},
	Year = {2019}}

@article{Banik:2019smi,
	Archiveprefix = {arXiv},
	Author = {Banik, Nilanjan and Bovy, Jo and Bertone, Gianfranco and Erkal, Denis and de Boer, T. J. L.},
	Date-Added = {2020-02-17 09:10:15 -0500},
	Date-Modified = {2020-02-17 09:10:15 -0500},
	Eprint = {1911.02663},
	Primaryclass = {astro-ph.GA},
	Slaccitation = {%%CITATION = ARXIV:1911.02663;%%},
	Title = {{Novel constraints on the particle nature of dark matter from stellar streams}},
	Year = {2019}}

@article{Titov:2013qk,
	Archiveprefix = {arXiv},
	Author = {Titov, Oleg},
	Date-Added = {2020-01-15 15:44:21 -0500},
	Date-Modified = {2020-01-15 15:44:21 -0500},
	Eprint = {1301.0364},
	Primaryclass = {astro-ph.IM},
	Slaccitation = {%%CITATION = ARXIV:1301.0364;%%},
	Title = {{The Secular Aberration Drift and Future Challenges for VLBI Astrometry}},
	Year = {2013}}

@article{Titov:2010zn,
	Archiveprefix = {arXiv},
	Author = {Titov, O. and Lambert, S. B. and Gontier, A. -M.},
	Date-Added = {2020-01-15 15:43:50 -0500},
	Date-Modified = {2020-01-15 15:43:50 -0500},
	Doi = {10.1051/0004-6361/201015718},
	Eprint = {1009.3698},
	Journal = {Astron. Astrophys.},
	Pages = {A91},
	Primaryclass = {astro-ph.CO},
	Slaccitation = {%%CITATION = ARXIV:1009.3698;%%},
	Title = {{VLBI measurement of the secular aberration drift}},
	Volume = {529},
	Year = {2011},
	Bdsk-Url-1 = {https://doi.org/10.1051/0004-6361/201015718}}

@article{Ando:2019xlm,
	Archiveprefix = {arXiv},
	Author = {Ando, Shin'ichiro and Ishiyama, Tomoaki and Hiroshima, Nagisa},
	Date-Added = {2020-01-15 10:08:53 -0500},
	Date-Modified = {2020-01-15 10:08:53 -0500},
	Doi = {10.3390/galaxies7030068},
	Eprint = {1903.11427},
	Journal = {Galaxies},
	Number = {3},
	Pages = {68},
	Primaryclass = {astro-ph.CO},
	Slaccitation = {%%CITATION = ARXIV:1903.11427;%%},
	Title = {{Halo Substructure Boosts to the Signatures of Dark Matter Annihilation}},
	Volume = {7},
	Year = {2019},
	Bdsk-Url-1 = {https://doi.org/10.3390/galaxies7030068}}

@article{Diemand:2006ik,
	Archiveprefix = {arXiv},
	Author = {Diemand, Jurg and Kuhlen, Michael and Madau, Piero},
	Date-Added = {2020-01-15 10:07:49 -0500},
	Date-Modified = {2020-01-15 10:07:49 -0500},
	Doi = {10.1086/510736},
	Eprint = {astro-ph/0611370},
	Journal = {Astrophys. J.},
	Pages = {262-270},
	Primaryclass = {astro-ph},
	Slaccitation = {%%CITATION = ASTRO-PH/0611370;%%},
	Title = {{Dark matter substructure and gamma-ray annihilation in the Milky Way halo}},
	Volume = {657},
	Year = {2007},
	Bdsk-Url-1 = {https://doi.org/10.1086/510736}}

@article{Krachmalnicoff:2019zjh,
	Archiveprefix = {arXiv},
	Author = {Krachmalnicoff, Nicoletta and Tomasi, Maurizio},
	Date-Added = {2020-01-09 15:31:22 -0500},
	Date-Modified = {2020-01-09 15:31:22 -0500},
	Doi = {10.1051/0004-6361/201935211},
	Eprint = {1902.04083},
	Journal = {Astron. Astrophys.},
	Pages = {A129},
	Primaryclass = {astro-ph.IM},
	Slaccitation = {%%CITATION = ARXIV:1902.04083;%%},
	Title = {{Convolutional Neural Networks on the HEALPix sphere: a pixel-based algorithm and its application to CMB data analysis}},
	Volume = {628},
	Year = {2019},
	Bdsk-Url-1 = {https://doi.org/10.1051/0004-6361/201935211}}

@article{Kamionkowski:2010me,
	Archiveprefix = {arXiv},
	Author = {Kamionkowski, Marc and Smith, Tristan L. and Heavens, Alan},
	Date-Added = {2020-01-09 15:29:27 -0500},
	Date-Modified = {2020-01-09 15:29:27 -0500},
	Doi = {10.1103/PhysRevD.83.023007},
	Eprint = {1010.0251},
	Journal = {Phys. Rev.},
	Pages = {023007},
	Primaryclass = {astro-ph.CO},
	Slaccitation = {%%CITATION = ARXIV:1010.0251;%%},
	Title = {{The CMB Bispectrum, Trispectrum, non-Gaussianity, and the Cramer-Rao Bound}},
	Volume = {D83},
	Year = {2011},
	Bdsk-Url-1 = {https://doi.org/10.1103/PhysRevD.83.023007}}

@article{Akrami:2019izv,
	Archiveprefix = {arXiv},
	Author = {Akrami, Y. and others},
	Collaboration = {\emph{Planck}},
	Date-Added = {2020-01-09 14:49:49 -0500},
	Date-Modified = {2020-03-03 21:48:53 -0500},
	Eprint = {1905.05697},
	Primaryclass = {astro-ph.CO},
	Slaccitation = {%%CITATION = ARXIV:1905.05697;%%},
	Title = {{Planck 2018 results. IX. Constraints on primordial non-Gaussianity}},
	Year = {2019}}

@article{Edwards:2017mnf,
	Archiveprefix = {arXiv},
	Author = {Edwards, Thomas D. P. and Weniger, Christoph},
	Date-Added = {2019-12-17 16:29:18 -0500},
	Date-Modified = {2019-12-17 16:29:18 -0500},
	Doi = {10.1088/1475-7516/2018/02/021},
	Eprint = {1704.05458},
	Journal = {JCAP},
	Number = {02},
	Pages = {021},
	Primaryclass = {astro-ph.IM},
	Slaccitation = {%%CITATION = ARXIV:1704.05458;%%},
	Title = {{A Fresh Approach to Forecasting in Astroparticle Physics and Dark Matter Searches}},
	Volume = {1802},
	Year = {2018},
	Bdsk-Url-1 = {https://doi.org/10.1088/1475-7516/2018/02/021}}

@article{Arvanitaki:2019rax,
	Archiveprefix = {arXiv},
	Author = {Arvanitaki, Asimina and Dimopoulos, Savas and Galanis, Marios and Lehner, Luis and Thompson, Jedidiah O. and Van Tilburg, Ken},
	Date-Added = {2019-12-17 16:20:12 -0500},
	Date-Modified = {2019-12-17 16:20:12 -0500},
	Eprint = {1909.11665},
	Primaryclass = {astro-ph.CO},
	Slaccitation = {%%CITATION = ARXIV:1909.11665;%%},
	Title = {{The Large-Misalignment Mechanism for the Formation of Compact Axion Structures: Signatures from the QCD Axion to Fuzzy Dark Matter}},
	Year = {2019}}

@article{lindegren2018gaia,
	Archiveprefix = {arXiv},
	Author = {Lindegren, L and others},
	Collaboration = {\emph{Gaia}},
	Date-Modified = {2020-03-03 21:48:17 -0500},
	Doi = {10.1051/0004-6361/201832727},
	Eprint = {1804.09366},
	Journal = {Astron. Astrophys.},
	Pages = {A2},
	Primaryclass = {astro-ph.IM},
	Slaccitation = {%%CITATION = ARXIV:1804.09366;%%},
	Title = {{Gaia Data Release 2: The astrometric solution}},
	Volume = {616},
	Year = {2018},
	Bdsk-Url-1 = {https://doi.org/10.1051/0004-6361/201832727}}

@article{Baltz:2007vq,
	Archiveprefix = {arXiv},
	Author = {Baltz, Edward A. and Marshall, Phil and Oguri, Masamune},
	Date-Added = {2019-12-04 15:33:40 -0500},
	Date-Modified = {2019-12-04 15:33:40 -0500},
	Doi = {10.1088/1475-7516/2009/01/015},
	Eprint = {0705.0682},
	Journal = {JCAP},
	Pages = {015},
	Primaryclass = {astro-ph},
	Reportnumber = {SLAC-PUB-12497},
	Slaccitation = {%%CITATION = ARXIV:0705.0682;%%},
	Title = {{Analytic models of plausible gravitational lens potentials}},
	Volume = {0901},
	Year = {2009},
	Bdsk-Url-1 = {https://doi.org/10.1088/1475-7516/2009/01/015}}

@article{doi:10.1029/2018GC007529,
	Abstract = {Abstract Geophysical analyses are often performed in spherical geometry and require the use of spherical harmonic functions to express observables or physical quantities. When expanded to high degree, the accuracy and speed of the spherical harmonic transforms and reconstructions are of paramount importance. SHTools is a time and user-tested open-source archive of both Fortran 95 and Python routines for performing spherical harmonic analyses. The routines support all spherical-harmonic normalization conventions used in the geosciences, including 4π-normalized, Schmidt seminormalized, orthonormalized, and unnormalized harmonics, along with the option of employing the Condon-Shortley phase factor of . Data on the sphere can be sampled on a variety of grid formats, including equally spaced cylindrical grids and grids appropriate for integration by Gauss-Legendre quadrature. The spherical-harmonic transforms are proven to be fast and accurate for spherical harmonic degrees up to 2800. Several tools are provided for the geoscientist, including routines for performing localized spectral analyses and basic operations related to global gravity and magnetic fields. In the Python environment, operations are very simple to perform as a result of three class structures that encompass all operations on grids, spherical harmonic coefficients, and spatiospectral localization windows. SHTools is released under the unrestrictive BSD 3-clause license.},
	Author = {Wieczorek, Mark A. and Meschede, Matthias},
	Date-Added = {2019-12-04 11:54:54 -0500},
	Date-Modified = {2019-12-17 16:18:59 -0500},
	Doi = {10.1029/2018GC007529},
	Journal = {Geochemistry, Geophysics, Geosystems},
	Keywords = {spherical harmonics, software, python, Fortran},
	Number = {8},
	Pages = {2574-2592},
	Title = {SHTools: Tools for Working with Spherical Harmonics},
	Volume = {19},
	Year = {2018},
	Bdsk-Url-1 = {https://agupubs.onlinelibrary.wiley.com/doi/abs/10.1029/2018GC007529},
	Bdsk-Url-2 = {https://doi.org/10.1029/2018GC007529}}

@article{2013A&A...554A.112R,
	Adsnote = {Provided by the SAO/NASA Astrophysics Data System},
	Adsurl = {https://ui.adsabs.harvard.edu/abs/2013A&A...554A.112R},
	Archiveprefix = {arXiv},
	Author = {{Reinecke}, M. and {Seljebotn}, D.~S.},
	Date-Added = {2019-12-04 11:53:08 -0500},
	Date-Modified = {2019-12-04 11:56:41 -0500},
	Doi = {10.1051/0004-6361/201321494},
	Eid = {A112},
	Eprint = {1303.4945},
	Journal = {Astron. Astrophys.},
	Keywords = {methods: numerical, cosmic background radiation, large-scale structure of Universe, Physics - Computational Physics},
	Month = {Jun},
	Pages = {A112},
	Primaryclass = {physics.comp-ph},
	Title = {{Libsharp - spherical harmonic transforms revisited}},
	Volume = {554},
	Year = {2013},
	Bdsk-Url-1 = {https://doi.org/10.1051/0004-6361/201321494}}

@article{2013GGG....14..751S,
	Adsnote = {Provided by the SAO/NASA Astrophysics Data System},
	Adsurl = {https://ui.adsabs.harvard.edu/abs/2013GGG....14..751S},
	Archiveprefix = {arXiv},
	Author = {{Schaeffer}, Nathana{\"e}L.},
	Date-Added = {2019-12-04 11:52:26 -0500},
	Date-Modified = {2019-12-04 11:52:26 -0500},
	Doi = {10.1002/ggge.20071},
	Eprint = {1202.6522},
	Journal = {Geochemistry, Geophysics, Geosystems},
	Keywords = {spherical harmonics, performance, mathematical software, Physics - Computational Physics, Computer Science - Mathematical Software, Computer Science - Numerical Analysis, Computer Science - Performance},
	Month = {Mar},
	Number = {3},
	Pages = {751-758},
	Primaryclass = {physics.comp-ph},
	Title = {{Efficient spherical harmonic transforms aimed at pseudospectral numerical simulations}},
	Volume = {14},
	Year = {2013},
	Bdsk-Url-1 = {https://doi.org/10.1002/ggge.20071}}

@book{arfken2013mathematical,
	Author = {Arfken, G.B. and Weber, H.J. and Harris, F.E.},
	Date-Added = {2019-11-22 13:41:28 -0500},
	Date-Modified = {2019-11-22 13:41:28 -0500},
	Isbn = {9780123846549},
	Lccn = {2012418308},
	Publisher = {Elsevier Science},
	Title = {Mathematical Methods for Physicists: A Comprehensive Guide},
	Url = {https://books.google.com/books?id=qLFo\_Z-PoGIC},
	Year = {2013},
	Bdsk-Url-1 = {https://books.google.com/books?id=qLFo%5C_Z-PoGIC}}

@article{Brown:2018dum,
	Archiveprefix = {arXiv},
	Author = {Brown, A. G. A. and others},
	Collaboration = {Gaia},
	Date-Added = {2019-11-22 13:14:11 -0500},
	Date-Modified = {2019-11-22 13:14:11 -0500},
	Doi = {10.1051/0004-6361/201833051},
	Eprint = {1804.09365},
	Journal = {Astron. Astrophys.},
	Pages = {A1},
	Primaryclass = {astro-ph.GA},
	Slaccitation = {%%CITATION = ARXIV:1804.09365;%%},
	Title = {{Gaia Data Release 2}},
	Volume = {616},
	Year = {2018},
	Bdsk-Url-1 = {https://doi.org/10.1051/0004-6361/201833051}}

@article{Prusti:2016bjo,
	Archiveprefix = {arXiv},
	Author = {Prusti, T. and others},
	Collaboration = {Gaia},
	Date-Added = {2019-11-22 13:13:26 -0500},
	Date-Modified = {2019-11-22 13:13:26 -0500},
	Doi = {10.1051/0004-6361/201629272},
	Eprint = {1609.04153},
	Journal = {Astron. Astrophys.},
	Number = {Gaia Data Release 1},
	Pages = {A1},
	Primaryclass = {astro-ph.IM},
	Slaccitation = {%%CITATION = ARXIV:1609.04153;%%},
	Title = {{The Gaia Mission}},
	Volume = {595},
	Year = {2016},
	Bdsk-Url-1 = {https://doi.org/10.1051/0004-6361/201629272}}

@article{Undefined:2018amf,
	Archiveprefix = {arXiv},
	Author = {Mignard, F. and others},
	Collaboration = {GAIA},
	Date-Added = {2019-11-22 11:51:21 -0500},
	Date-Modified = {2019-11-22 11:51:21 -0500},
	Doi = {10.1051/0004-6361/201832916},
	Eprint = {1804.09377},
	Journal = {Astron. Astrophys.},
	Pages = {A14},
	Primaryclass = {astro-ph.GA},
	Slaccitation = {%%CITATION = ARXIV:1804.09377;%%},
	Title = {{Gaia Data Release 2: The celestial reference frame (Gaia-CRF2)}},
	Volume = {616},
	Year = {2018},
	Bdsk-Url-1 = {https://doi.org/10.1051/0004-6361/201832916}}

@article{2019arXiv190800041L,
	Adsnote = {Provided by the SAO/NASA Astrophysics Data System},
	Adsurl = {https://ui.adsabs.harvard.edu/abs/2019arXiv190800041L},
	Archiveprefix = {arXiv},
	Author = {{Le Gia}, Quoc T. and {Li}, Ming and {Wang}, Yu Guang},
	Date-Added = {2019-11-22 11:32:18 -0500},
	Date-Modified = {2019-11-22 11:32:18 -0500},
	Eid = {arXiv:1908.00041},
	Eprint = {1908.00041},
	Journal = {arXiv e-prints},
	Keywords = {Mathematics - Numerical Analysis, Computer Science - Computational Complexity, 65T50, 37C10, 33C55, 65D30},
	Month = {Jul},
	Pages = {arXiv:1908.00041},
	Primaryclass = {math.NA},
	Title = {{FaVeST: Fast Vector Spherical Harmonic Transforms}},
	Year = {2019}}

@article{Mignard:2012xm,
	Archiveprefix = {arXiv},
	Author = {Mignard, Francois and Klioner, Sergei},
	Date-Added = {2019-11-22 10:46:49 -0500},
	Date-Modified = {2019-11-22 10:46:49 -0500},
	Doi = {10.1051/0004-6361/201219927},
	Eprint = {1207.0025},
	Journal = {Astron. Astrophys.},
	Pages = {A59},
	Primaryclass = {astro-ph.IM},
	Slaccitation = {%%CITATION = ARXIV:1207.0025;%%},
	Title = {{Analysis of astrometric catalogues with vector spherical harmonics}},
	Volume = {547},
	Year = {2012},
	Bdsk-Url-1 = {https://doi.org/10.1051/0004-6361/201219927}}

@article{2018A&A...609A..19L,
	Adsnote = {Provided by the SAO/NASA Astrophysics Data System},
	Adsurl = {https://ui.adsabs.harvard.edu/abs/2018A&A...609A..19L},
	Author = {{Liu}, N. and {Zhu}, Z. and {Liu}, J. -C.},
	Date-Added = {2019-11-22 10:46:01 -0500},
	Date-Modified = {2019-11-22 10:46:06 -0500},
	Doi = {10.1051/0004-6361/201732006},
	Eid = {A19},
	Journal = {Astron. Astrophys.},
	Keywords = {astrometry, reference systems, catalogs},
	Month = {Jan},
	Pages = {A19},
	Title = {{Possible systematics in the VLBI catalogs as seen from Gaia}},
	Volume = {609},
	Year = {2018},
	Bdsk-Url-1 = {https://doi.org/10.1051/0004-6361/201732006}}

@article{2018arXiv180502194L,
	Adsnote = {Provided by the SAO/NASA Astrophysics Data System},
	Adsurl = {https://ui.adsabs.harvard.edu/abs/2018arXiv180502194L},
	Archiveprefix = {arXiv},
	Author = {{Liao}, Shilong and {Bucciarelli}, Beatric and {Qi}, Zhaoxiang and {Guo}, Sufen and {Cao}, Zihuang and {Tang}, Zhenghong},
	Date-Added = {2019-11-22 10:43:06 -0500},
	Date-Modified = {2019-11-22 10:43:06 -0500},
	Eid = {arXiv:1805.02194},
	Eprint = {1805.02194},
	Journal = {arXiv e-prints},
	Keywords = {Astrophysics - Astrophysics of Galaxies},
	Month = {May},
	Pages = {arXiv:1805.02194},
	Primaryclass = {astro-ph.GA},
	Title = {{The properties of the quasars astrometric solution in Gaia DR2}},
	Year = {2018}}

@article{Barrera_1985,
	Abstract = {An alternative and somewhat systematic definition of the vector spherical harmonics, in analogy with the commonly used scalar spherical harmonics, is presented. The new set of vector spherical harmonics satisfies the properties of orthogonality and completeness, and is compared with other existing definitions of vector spherical harmonics. Some applications to problems in magnetostatics are illustrated.},
	Author = {R G Barrera and G A Estevez and J Giraldo},
	Date-Added = {2019-11-22 10:42:05 -0500},
	Date-Modified = {2019-11-22 10:42:05 -0500},
	Doi = {10.1088/0143-0807/6/4/014},
	Journal = {European Journal of Physics},
	Month = {oct},
	Number = {4},
	Pages = {287--294},
	Publisher = {{IOP} Publishing},
	Title = {Vector spherical harmonics and their application to magnetostatics},
	Url = {https://doi.org/10.1088%2F0143-0807%2F6%2F4%2F014},
	Volume = {6},
	Year = 1985,
	Bdsk-Url-1 = {https://doi.org/10.1088%2F0143-0807%2F6%2F4%2F014},
	Bdsk-Url-2 = {https://doi.org/10.1088/0143-0807/6/4/014}}

@article{Dahlen:2007sv,
	Archiveprefix = {arXiv},
	Author = {Dahlen, F. A. and Simons, Frederik J},
	Date-Added = {2019-11-22 10:16:26 -0500},
	Date-Modified = {2019-11-22 10:16:26 -0500},
	Doi = {10.1111/j.1365-246X.2008.03854.x},
	Eprint = {0705.3083},
	Journal = {Geophys. J. Int.},
	Pages = {774},
	Primaryclass = {astro-ph},
	Slaccitation = {%%CITATION = ARXIV:0705.3083;%%},
	Title = {{Spectral estimation on a sphere in geophysics and cosmology}},
	Volume = {174},
	Year = {2008},
	Bdsk-Url-1 = {https://doi.org/10.1111/j.1365-246X.2008.03854.x}}

@article{Kostelec:2000:CHA:351065.351076,
	Acmid = {351076},
	Address = {San Diego, CA, USA},
	Author = {Kostelec, Peter J. and Maslen, David K. and Healy, Dennis M. and Rockmore, Daniel N.},
	Date-Added = {2019-11-22 10:15:36 -0500},
	Date-Modified = {2019-11-22 10:15:36 -0500},
	Doi = {10.1006/jcph.2000.6551},
	Issn = {0021-9991},
	Issue_Date = {Aug 2000},
	Journal = {J. Comput. Phys.},
	Keywords = {Fourier transforms, harmonic analysis, sphere, tensor fields},
	Month = aug,
	Number = {2},
	Numpages = {22},
	Pages = {514--535},
	Publisher = {Academic Press Professional, Inc.},
	Title = {Computational Harmonic Analysis for Tensor Fields on the Two-Sphere},
	Url = {http://dx.doi.org/10.1006/jcph.2000.6551},
	Volume = {162},
	Year = {2000},
	Bdsk-Url-1 = {http://dx.doi.org/10.1006/jcph.2000.6551}}

@article{da2019tqdm,
	Author = {da Costa-Luis, Casper O.},
	Date = {2019-05-17},
	Date-Added = {2019-10-29 16:23:13 -0400},
	Date-Modified = {2019-10-29 16:23:13 -0400},
	Day = {17},
	Doi = {10.21105/joss.01277},
	Issn = {2475-9066},
	Journal = {Journal of Open Source Software},
	Month = {5},
	Number = {37},
	Pages = {1277},
	Publisher = {The Open Journal},
	Title = {tqdm: A Fast, Extensible Progress Meter for Python and CLI},
	Url = {http://dx.doi.org/10.21105/joss.01277},
	Volume = {4},
	Year = {2019},
	Bdsk-Url-1 = {http://dx.doi.org/10.21105/joss.01277}}

@inproceedings{mckinney-proc-scipy-2010,
	Author = {Wes McKinney},
	Booktitle = {Proceedings of the 9th Python in Science Conference},
	Date-Added = {2019-10-29 16:22:59 -0400},
	Date-Modified = {2019-10-29 16:22:59 -0400},
	Editor = {St\'efan van der Walt and Jarrod Millman},
	Pages = {51 - 56},
	Title = {Data Structures for Statistical Computing in Python},
	Year = {2010}}

@inproceedings{Kluyver2016JupyterN,
	Author = {Thomas Kluyver and others},
	Booktitle = {ELPUB},
	Date-Added = {2019-10-29 16:21:08 -0400},
	Date-Modified = {2020-03-03 21:46:36 -0500},
	Title = {Jupyter Notebooks - a publishing format for reproducible computational workflows},
	Year = {2016}}

@misc{Jones:2001ab,
	Author = {Eric Jones and Travis Oliphant and Pearu Peterson and others},
	Date-Added = {2019-10-29 16:20:02 -0400},
	Date-Modified = {2019-10-29 16:20:02 -0400},
	Note = {[Online; accessed August 26, 2019]},
	Title = {{SciPy}: Open source scientific tools for {Python}},
	Url = {http://www.scipy.org/},
	Year = {2001--},
	Bdsk-Url-1 = {http://www.scipy.org/}}

@article{numpy:2011,
	Adsnote = {Provided by the SAO/NASA Astrophysics Data System},
	Adsurl = {https://ui.adsabs.harvard.edu/abs/2011CSE....13b..22V},
	Archiveprefix = {arXiv},
	Author = {{van der Walt}, St{\'e}fan and {Colbert}, S. Chris and {Varoquaux}, Ga{\"e}l},
	Date-Added = {2019-10-29 16:19:50 -0400},
	Date-Modified = {2019-10-29 16:19:50 -0400},
	Doi = {10.1109/MCSE.2011.37},
	Eprint = {1102.1523},
	Journal = {Computing in Science and Engineering},
	Keywords = {Computer Science - Mathematical Software},
	Month = {Mar},
	Number = {2},
	Pages = {22-30},
	Primaryclass = {cs.MS},
	Title = {{The NumPy Array: A Structure for Efficient Numerical Computation}},
	Volume = {13},
	Year = {2011},
	Bdsk-Url-1 = {https://doi.org/10.1109/MCSE.2011.37}}

@manual{mpmath,
	Author = {Fredrik Johansson and others},
	Date-Added = {2019-10-29 16:19:34 -0400},
	Date-Modified = {2019-10-29 16:19:34 -0400},
	Key = {mpmath},
	Month = {December},
	Note = {{\tt http://mpmath.org/}},
	Title = {mpmath: a {P}ython library for arbitrary-precision floating-point arithmetic (version 0.18)},
	Year = {2013}}

@article{Gorski:2004by,
	Archiveprefix = {arXiv},
	Author = {Gorski, K. M. and Hivon, Eric and Banday, A. J. and Wandelt, B. D. and Hansen, F. K. and Reinecke, M. and Bartelman, M.},
	Date-Added = {2019-10-29 16:18:43 -0400},
	Date-Modified = {2019-10-29 16:18:43 -0400},
	Doi = {10.1086/427976},
	Eprint = {astro-ph/0409513},
	Journal = {Astrophys. J.},
	Pages = {759-771},
	Primaryclass = {astro-ph},
	Slaccitation = {%%CITATION = ASTRO-PH/0409513;%%},
	Title = {{HEALPix - A Framework for high resolution discretization, and fast analysis of data distributed on the sphere}},
	Volume = {622},
	Year = {2005},
	Bdsk-Url-1 = {https://doi.org/10.1086/427976}}

@article{Zonca2019,
	Author = {Andrea Zonca and Leo Singer and Daniel Lenz and Martin Reinecke and Cyrille Rosset and Eric Hivon and Krzysztof Gorski},
	Date-Added = {2019-10-29 16:18:29 -0400},
	Date-Modified = {2019-10-29 16:18:29 -0400},
	Doi = {10.21105/joss.01298},
	Journal = {Journal of Open Source Software},
	Month = mar,
	Number = {35},
	Pages = {1298},
	Publisher = {The Open Journal},
	Title = {healpy: equal area pixelization and spherical harmonics transforms for data on the sphere in Python},
	Url = {https://doi.org/10.21105/joss.01298},
	Volume = {4},
	Year = {2019},
	Bdsk-Url-1 = {https://doi.org/10.21105/joss.01298}}

@article{Hunter:2007,
	Abstract = {Matplotlib is a 2D graphics package used for Python
for application development, interactive scripting, and
publication-quality image generation across user
interfaces and operating systems.},
	Author = {Hunter, J. D.},
	Date-Added = {2019-10-29 16:18:12 -0400},
	Date-Modified = {2019-10-29 16:18:12 -0400},
	Journal = {Computing In Science \& Engineering},
	Number = {3},
	Pages = {90--95},
	Publisher = {IEEE COMPUTER SOC},
	Title = {Matplotlib: A 2D graphics environment},
	Volume = {9},
	Year = {2007}}

@article{PER-GRA:2007,
	Adsnote = {Provided by the SAO/NASA Astrophysics Data System},
	Adsurl = {https://ui.adsabs.harvard.edu/abs/2007CSE.....9c..21P},
	Author = {{Perez}, Fernando and {Granger}, Brian E.},
	Date-Added = {2019-10-29 16:18:12 -0400},
	Date-Modified = {2019-10-29 16:18:12 -0400},
	Doi = {10.1109/MCSE.2007.53},
	Journal = {Computing in Science and Engineering},
	Month = {Jan},
	Number = {3},
	Pages = {21-29},
	Title = {{IPython: A System for Interactive Scientific Computing}},
	Volume = {9},
	Year = {2007},
	Bdsk-Url-1 = {https://doi.org/10.1109/MCSE.2007.53}}

@article{2017MNRAS.465L..59E,
	Adsnote = {Provided by the SAO/NASA Astrophysics Data System},
	Adsurl = {https://ui.adsabs.harvard.edu/abs/2017MNRAS.465L..59E},
	Archiveprefix = {arXiv},
	Author = {{Errani}, Rapha{\"e}l and {Pe{\~n}arrubia}, Jorge and {Laporte}, Chervin F.~P. and {G{\'o}mez}, Facundo A.},
	Date-Added = {2019-10-29 16:17:02 -0400},
	Date-Modified = {2019-10-29 16:17:23 -0400},
	Doi = {10.1093/mnrasl/slw211},
	Eprint = {1608.01849},
	Journal = {Mon. Not. Roy. Astron. Soc.},
	Keywords = {methods: numerical, galaxies: dwarf, galaxies: formation, galaxies: haloes, galaxies: structure, dark matter, Astrophysics - Astrophysics of Galaxies},
	Month = {Feb},
	Number = {1},
	Pages = {L59-L63},
	Primaryclass = {astro-ph.GA},
	Title = {{The effect of a disc on the population of cuspy and cored dark matter substructures in Milky Way-like galaxies}},
	Volume = {465},
	Year = {2017},
	Bdsk-Url-1 = {https://doi.org/10.1093/mnrasl/slw211}}

@article{2018ApJ...867..101B,
	Adsnote = {Provided by the SAO/NASA Astrophysics Data System},
	Adsurl = {https://ui.adsabs.harvard.edu/abs/2018ApJ...867..101B},
	Archiveprefix = {arXiv},
	Author = {{Bonaca}, Ana and {Hogg}, David W.},
	Date-Added = {2019-10-29 16:15:19 -0400},
	Date-Modified = {2019-10-29 16:15:57 -0400},
	Doi = {10.3847/1538-4357/aae4da},
	Eid = {101},
	Eprint = {1804.06854},
	Journal = {Astrophys. J.},
	Keywords = {dark matter, Galaxy: halo, Galaxy: kinematics and dynamics, methods: statistical, Astrophysics - Astrophysics of Galaxies},
	Month = {Nov},
	Number = {2},
	Pages = {101},
	Primaryclass = {astro-ph.GA},
	Title = {{The Information Content in Cold Stellar Streams}},
	Volume = {867},
	Year = {2018},
	Bdsk-Url-1 = {https://doi.org/10.3847/1538-4357/aae4da}}

@article{Bode:2000gq,
	Archiveprefix = {arXiv},
	Author = {Bode, Paul and Ostriker, Jeremiah P. and Turok, Neil},
	Date-Added = {2019-10-29 16:14:43 -0400},
	Date-Modified = {2019-10-29 16:14:43 -0400},
	Doi = {10.1086/321541},
	Eprint = {astro-ph/0010389},
	Journal = {Astrophys. J.},
	Pages = {93-107},
	Primaryclass = {astro-ph},
	Slaccitation = {%%CITATION = ASTRO-PH/0010389;%%},
	Title = {{Halo formation in warm dark matter models}},
	Volume = {556},
	Year = {2001},
	Bdsk-Url-1 = {https://doi.org/10.1086/321541}}

@article{Bond:1983hb,
	Author = {Bond, J. R. and Szalay, A. S.},
	Date-Added = {2019-10-29 16:12:53 -0400},
	Date-Modified = {2019-10-29 16:12:53 -0400},
	Doi = {10.1086/161460},
	Journal = {Astrophys. J.},
	Pages = {443-468},
	Slaccitation = {%%CITATION = ASJOA,274,443;%%},
	Title = {{The Collisionless Damping of Density Fluctuations in an Expanding Universe}},
	Volume = {274},
	Year = {1983},
	Bdsk-Url-1 = {https://doi.org/10.1086/161460}}

@book{2008gady.book.....B,
	Adsnote = {Provided by the SAO/NASA Astrophysics Data System},
	Adsurl = {http://adsabs.harvard.edu/abs/2008gady.book.....B},
	Author = {{Binney}, J. and {Tremaine}, S.},
	Booktitle = {Galactic Dynamics: Second Edition, by James Binney and Scott Tremaine.~ISBN 978-0-691-13026-2 (HB).~Published by Princeton University Press, Princeton, NJ USA, 2008.},
	Date-Added = {2019-05-16 17:15:45 -0400},
	Date-Modified = {2019-05-16 17:15:45 -0400},
	Publisher = {Princeton University Press},
	Title = {{Galactic Dynamics: Second Edition}},
	Year = {2008}}

@article{Diemer:2017bwl,
	Archiveprefix = {arXiv},
	Author = {Diemer, Benedikt},
	Doi = {10.3847/1538-4365/aaee8c},
	Eprint = {1712.04512},
	Journal = {Astrophys. J. Suppl.},
	Number = {2},
	Pages = {35},
	Primaryclass = {astro-ph.CO},
	Slaccitation = {%%CITATION = ARXIV:1712.04512;%%},
	Title = {{COLOSSUS: A python toolkit for cosmology, large-scale structure, and dark matter halos}},
	Volume = {239},
	Year = {2018},
	Bdsk-Url-1 = {https://doi.org/10.3847/1538-4365/aaee8c}}

@article{Navarro:1995iw,
	Archiveprefix = {arXiv},
	Author = {Navarro, Julio F. and Frenk, Carlos S. and White, Simon D. M.},
	Doi = {10.1086/177173},
	Eprint = {astro-ph/9508025},
	Journal = {Astrophys. J.},
	Pages = {563-575},
	Primaryclass = {astro-ph},
	Slaccitation = {%%CITATION = ASTRO-PH/9508025;%%},
	Title = {{The Structure of cold dark matter halos}},
	Volume = {462},
	Year = {1996},
	Bdsk-Url-1 = {https://doi.org/10.1086/177173}}

@article{Madau:2008fr,
	Archiveprefix = {arXiv},
	Author = {Madau, Piero and Diemand, Juerg and Kuhlen, Michael},
	Doi = {10.1086/587545},
	Eprint = {0802.2265},
	Journal = {Astrophys. J.},
	Pages = {1260},
	Primaryclass = {astro-ph},
	Slaccitation = {%%CITATION = ARXIV:0802.2265;%%},
	Title = {{Dark matter subhalos and the dwarf satellites of the Milky Way}},
	Volume = {679},
	Year = {2008},
	Bdsk-Url-1 = {https://doi.org/10.1086/587545}}

@article{Sawala:2015cdf,
	Archiveprefix = {arXiv},
	Author = {Sawala, Till and others},
	Doi = {10.1093/mnras/stw145},
	Eprint = {1511.01098},
	Journal = {Mon. Not. Roy. Astron. Soc.},
	Number = {2},
	Pages = {1931-1943},
	Primaryclass = {astro-ph.GA},
	Slaccitation = {%%CITATION = ARXIV:1511.01098;%%},
	Title = {{The APOSTLE simulations: solutions to the Local Group's cosmic puzzles}},
	Volume = {457},
	Year = {2016},
	Bdsk-Url-1 = {https://doi.org/10.1093/mnras/stw145}}

@article{Robitaille:2013mpa,
	Archiveprefix = {arXiv},
	Author = {Robitaille, Thomas P. and others},
	Collaboration = {Astropy},
	Doi = {10.1051/0004-6361/201322068},
	Eprint = {1307.6212},
	Journal = {Astron. Astrophys.},
	Pages = {A33},
	Primaryclass = {astro-ph.IM},
	Slaccitation = {%%CITATION = ARXIV:1307.6212;%%},
	Title = {{Astropy: A Community Python Package for Astronomy}},
	Volume = {558},
	Year = {2013},
	Bdsk-Url-1 = {https://doi.org/10.1051/0004-6361/201322068}}

@article{Correa:2015dva,
	Archiveprefix = {arXiv},
	Author = {Correa, Camila A. and Wyithe, J. Stuart B. and Schaye, Joop and Duffy, Alan R.},
	Doi = {10.1093/mnras/stv1363},
	Eprint = {1502.00391},
	Journal = {Mon. Not. Roy. Astron. Soc.},
	Number = {2},
	Pages = {1217-1232},
	Primaryclass = {astro-ph.CO},
	Slaccitation = {%%CITATION = ARXIV:1502.00391;%%},
	Title = {{The accretion history of dark matter haloes -- III. A physical model for the concentration--mass relation}},
	Volume = {452},
	Year = {2015},
	Bdsk-Url-1 = {https://doi.org/10.1093/mnras/stv1363}}

@article{Agrawal:2017rvu,
	Archiveprefix = {arXiv},
	Author = {Agrawal, Prateek and Cyr-Racine, Francis-Yan and Randall, Lisa and Scholtz, Jakub},
	Doi = {10.1088/1475-7516/2017/08/021},
	Eprint = {1702.05482},
	Journal = {JCAP},
	Number = {08},
	Pages = {021},
	Primaryclass = {astro-ph.CO},
	Slaccitation = {%%CITATION = ARXIV:1702.05482;%%},
	Title = {{Dark Catalysis}},
	Volume = {1708},
	Year = {2017},
	Bdsk-Url-1 = {https://doi.org/10.1088/1475-7516/2017/08/021}}

@article{Peter:2012jh,
	Archiveprefix = {arXiv},
	Author = {Peter, Annika H. G. and Rocha, Miguel and Bullock, James S. and Kaplinghat, Manoj},
	Doi = {10.1093/mnras/sts535},
	Eprint = {1208.3026},
	Journal = {Mon. Not. Roy. Astron. Soc.},
	Pages = {105},
	Primaryclass = {astro-ph.CO},
	Reportnumber = {NSF-KITP-12-147},
	Slaccitation = {%%CITATION = ARXIV:1208.3026;%%},
	Title = {{Cosmological Simulations with Self-Interacting Dark Matter II: Halo Shapes vs. Observations}},
	Volume = {430},
	Year = {2013},
	Bdsk-Url-1 = {https://doi.org/10.1093/mnras/sts535}}

@article{Fermi-LAT:2016uux,
	Archiveprefix = {arXiv},
	Author = {Albert, A. and others},
	Collaboration = {Fermi-LAT, DES},
	Doi = {10.3847/1538-4357/834/2/110},
	Eprint = {1611.03184},
	Journal = {Astrophys. J.},
	Number = {2},
	Pages = {110},
	Primaryclass = {astro-ph.HE},
	Reportnumber = {FERMILAB-PUB-16-073-AE},
	Slaccitation = {%%CITATION = ARXIV:1611.03184;%%},
	Title = {{Searching for Dark Matter Annihilation in Recently Discovered Milky Way Satellites with Fermi-LAT}},
	Volume = {834},
	Year = {2017},
	Bdsk-Url-1 = {https://doi.org/10.3847/1538-4357/834/2/110}}

@article{Hsueh:2019ynk,
	Archiveprefix = {arXiv},
	Author = {Hsueh, Jen-Wei and Enzi, Wolfgang and Vegetti, Simona and Auger, Matt and Fassnacht, Christopher D. and Despali, Giulia and Koopmans, Leon V. E. and McKean, John P.},
	Eprint = {1905.04182},
	Primaryclass = {astro-ph.CO},
	Slaccitation = {%%CITATION = ARXIV:1905.04182;%%},
	Title = {{SHARP -- VII. New constraints on warm dark matter free-streaming properties and substructure abundance from flux-ratio anomalous lensed quasars}},
	Year = {2019}}

@article{Roos:2012cc,
	Archiveprefix = {arXiv},
	Author = {Roos, Matts},
	Doi = {10.4236/jmp.2012.329150},
	Eprint = {1208.3662},
	Journal = {J. Mod. Phys.},
	Pages = {1152},
	Primaryclass = {astro-ph.CO},
	Slaccitation = {%%CITATION = ARXIV:1208.3662;%%},
	Title = {{Astrophysical and cosmological probes of dark matter}},
	Volume = {3},
	Year = {2012},
	Bdsk-Url-1 = {https://doi.org/10.4236/jmp.2012.329150}}

@article{Perraudin:2018rbt,
	Archiveprefix = {arXiv},
	Author = {Perraudin, Nathana{\"e}l and Defferrard, Micha{\"e}l and Kacprzak, Tomasz and Sgier, Raphael},
	Doi = {10.1016/j.ascom.2019.03.004},
	Eprint = {1810.12186},
	Journal = {Astron. Comput.},
	Pages = {130-146},
	Primaryclass = {astro-ph.CO},
	Slaccitation = {%%CITATION = ARXIV:1810.12186;%%},
	Title = {{DeepSphere: Efficient spherical Convolutional Neural Network with HEALPix sampling for cosmological applications}},
	Volume = {27},
	Year = {2019},
	Bdsk-Url-1 = {https://doi.org/10.1016/j.ascom.2019.03.004}}

@article{Piffl:2013mla,
	Archiveprefix = {arXiv},
	Author = {Piffl, Til and others},
	Doi = {10.1051/0004-6361/201322531},
	Eprint = {1309.4293},
	Journal = {Astron. Astrophys.},
	Pages = {A91},
	Primaryclass = {astro-ph.GA},
	Slaccitation = {%%CITATION = ARXIV:1309.4293;%%},
	Title = {{The RAVE survey: the Galactic escape speed and the mass of the Milky Way}},
	Volume = {562},
	Year = {2014},
	Bdsk-Url-1 = {https://doi.org/10.1051/0004-6361/201322531}}

@article{Brewer:2015yya,
	Archiveprefix = {arXiv},
	Author = {Brewer, Brendon J. and Huijser, David and Lewis, Geraint F.},
	Doi = {10.1093/mnras/stv2370},
	Eprint = {1508.00662},
	Journal = {Mon. Not. Roy. Astron. Soc.},
	Number = {2},
	Pages = {1819-1829},
	Primaryclass = {astro-ph.IM},
	Slaccitation = {%%CITATION = ARXIV:1508.00662;%%},
	Title = {{Trans-Dimensional Bayesian Inference for Gravitational Lens Substructures}},
	Volume = {455},
	Year = {2016},
	Bdsk-Url-1 = {https://doi.org/10.1093/mnras/stv2370}}

@article{Fitts:2016usl,
	Archiveprefix = {arXiv},
	Author = {Fitts, Alex and others},
	Doi = {10.1093/mnras/stx1757},
	Eprint = {1611.02281},
	Journal = {Mon. Not. Roy. Astron. Soc.},
	Number = {3},
	Pages = {3547-3562},
	Primaryclass = {astro-ph.GA},
	Slaccitation = {%%CITATION = ARXIV:1611.02281;%%},
	Title = {{FIRE in the Field: Simulating the Threshold of Galaxy Formation}},
	Volume = {471},
	Year = {2017},
	Bdsk-Url-1 = {https://doi.org/10.1093/mnras/stx1757}}

@article{Carlberg:2013gxa,
	Archiveprefix = {arXiv},
	Author = {Carlberg, Raymond G. and Grillmair, Carl J.},
	Doi = {10.1088/0004-637X/768/2/171},
	Eprint = {1303.4342},
	Journal = {Astrophys. J.},
	Pages = {171},
	Primaryclass = {astro-ph.CO},
	Slaccitation = {%%CITATION = ARXIV:1303.4342;%%},
	Title = {{Gaps in the GD-1 Star Stream}},
	Volume = {768},
	Year = {2013},
	Bdsk-Url-1 = {https://doi.org/10.1088/0004-637X/768/2/171}}

@article{Drlica-Wagner:2019xan,
	Archiveprefix = {arXiv},
	Author = {Drlica-Wagner, Alex and others},
	Collaboration = {LSST Dark Matter Group},
	Eprint = {1902.01055},
	Primaryclass = {astro-ph.CO},
	Reportnumber = {FERMILAB-PUB-19-048-A-AE},
	Slaccitation = {%%CITATION = ARXIV:1902.01055;%%},
	Title = {{Probing the Fundamental Nature of Dark Matter with the Large Synoptic Survey Telescope}},
	Year = {2019}}

@article{Drlica-Wagner:2015xua,
	Archiveprefix = {arXiv},
	Author = {Drlica-Wagner, A. and others},
	Collaboration = {Fermi-LAT, DES},
	Doi = {10.1088/2041-8205/809/1/L4},
	Eprint = {1503.02632},
	Journal = {Astrophys. J.},
	Number = {1},
	Pages = {L4},
	Primaryclass = {astro-ph.HE},
	Reportnumber = {FERMILAB-PUB-15-082-AE},
	Slaccitation = {%%CITATION = ARXIV:1503.02632;%%},
	Title = {{Search for Gamma-Ray Emission from DES Dwarf Spheroidal Galaxy Candidates with Fermi-LAT Data}},
	Volume = {809},
	Year = {2015},
	Bdsk-Url-1 = {https://doi.org/10.1088/2041-8205/809/1/L4}}

@article{Kaplinghat:2013xca,
	Archiveprefix = {arXiv},
	Author = {Kaplinghat, Manoj and Keeley, Ryan E. and Linden, Tim and Yu, Hai-Bo},
	Doi = {10.1103/PhysRevLett.113.021302},
	Eprint = {1311.6524},
	Journal = {Phys. Rev. Lett.},
	Pages = {021302},
	Primaryclass = {astro-ph.CO},
	Slaccitation = {%%CITATION = ARXIV:1311.6524;%%},
	Title = {{Tying Dark Matter to Baryons with Self-interactions}},
	Volume = {113},
	Year = {2014},
	Bdsk-Url-1 = {https://doi.org/10.1103/PhysRevLett.113.021302}}

@article{Johnston:1998bd,
	Archiveprefix = {arXiv},
	Author = {Johnston, Kathryn V. and Zhao, HongSheng and Spergel, David N. and Hernquist, Lars},
	Doi = {10.1086/311876},
	Eprint = {astro-ph/9807243},
	Journal = {Astrophys. J.},
	Pages = {L109-L112},
	Primaryclass = {astro-ph},
	Slaccitation = {%%CITATION = ASTRO-PH/9807243;%%},
	Title = {{Tidal streams as probes of the galactic potential}},
	Volume = {512},
	Year = {1999},
	Bdsk-Url-1 = {https://doi.org/10.1086/311876}}

@article{Vegetti:2012mc,
	Archiveprefix = {arXiv},
	Author = {Vegetti, S. and Lagattuta, D. J. and McKean, J. P. and Auger, M. W. and Fassnacht, C. D. and Koopmans, L. V. E.},
	Doi = {10.1038/nature10669},
	Eprint = {1201.3643},
	Journal = {Nature},
	Pages = {341},
	Primaryclass = {astro-ph.CO},
	Slaccitation = {%%CITATION = ARXIV:1201.3643;%%},
	Title = {{Gravitational detection of a low-mass dark satellite at cosmological distance}},
	Volume = {481},
	Year = {2012},
	Bdsk-Url-1 = {https://doi.org/10.1038/nature10669}}

@article{Read:2017lvq,
	Archiveprefix = {arXiv},
	Author = {Read, J. I. and Iorio, G. and Agertz, O. and Fraternali, F.},
	Doi = {10.1093/mnras/stx147},
	Eprint = {1607.03127},
	Journal = {Mon. Not. Roy. Astron. Soc.},
	Number = {2},
	Pages = {2019-2038},
	Primaryclass = {astro-ph.GA},
	Slaccitation = {%%CITATION = ARXIV:1607.03127;%%},
	Title = {{The stellar mass--halo mass relation of isolated field dwarfs: a critical test of ΛCDM at the edge of galaxy formation}},
	Volume = {467},
	Year = {2017},
	Bdsk-Url-1 = {https://doi.org/10.1093/mnras/stx147}}

@article{Wechsler:2018pic,
	Archiveprefix = {arXiv},
	Author = {Wechsler, Risa H. and Tinker, Jeremy L.},
	Doi = {10.1146/annurev-astro-081817-051756},
	Eprint = {1804.03097},
	Journal = {Ann. Rev. Astron. Astrophys.},
	Pages = {435-487},
	Primaryclass = {astro-ph.GA},
	Slaccitation = {%%CITATION = ARXIV:1804.03097;%%},
	Title = {{The Connection between Galaxies and their Dark Matter Halos}},
	Volume = {56},
	Year = {2018},
	Bdsk-Url-1 = {https://doi.org/10.1146/annurev-astro-081817-051756}}

@article{Blas:2011rf,
	Archiveprefix = {arXiv},
	Author = {Blas, Diego and Lesgourgues, Julien and Tram, Thomas},
	Doi = {10.1088/1475-7516/2011/07/034},
	Eprint = {1104.2933},
	Journal = {JCAP},
	Pages = {034},
	Primaryclass = {astro-ph.CO},
	Reportnumber = {CERN-PH-TH-2011-082, LAPTH-010-11},
	Slaccitation = {%%CITATION = ARXIV:1104.2933;%%},
	Title = {{The Cosmic Linear Anisotropy Solving System (CLASS) II: Approximation schemes}},
	Volume = {1107},
	Year = {2011},
	Bdsk-Url-1 = {https://doi.org/10.1088/1475-7516/2011/07/034}}

@article{Zavala:2012us,
	Archiveprefix = {arXiv},
	Author = {Zavala, Jesus and Vogelsberger, Mark and Walker, Matthew G.},
	Doi = {10.1093/mnrasl/sls053},
	Eprint = {1211.6426},
	Journal = {Mon. Not. Roy. Astron. Soc.},
	Pages = {L20-L24},
	Primaryclass = {astro-ph.CO},
	Slaccitation = {%%CITATION = ARXIV:1211.6426;%%},
	Title = {{Constraining Self-Interacting Dark Matter with the Milky Way's dwarf spheroidals}},
	Volume = {431},
	Year = {2013},
	Bdsk-Url-1 = {https://doi.org/10.1093/mnrasl/sls053}}

@phdthesis{Mishra-Sharma:2018rwp,
	Archiveprefix = {arXiv},
	Author = {Mishra-Sharma, Siddharth},
	Eprint = {1809.04665},
	Handle = {88435/dsp012v23vx15d},
	Primaryclass = {astro-ph.CO},
	School = {Princeton U.},
	Slaccitation = {%%CITATION = ARXIV:1809.04665;%%},
	Title = {{Extragalactic Searches for Dark Matter Annihilation}},
	Url = {http://arks.princeton.edu/ark:/88435/dsp012v23vx15d},
	Year = {2018},
	Bdsk-Url-1 = {http://arks.princeton.edu/ark:/88435/dsp012v23vx15d}}

@article{Dalcanton:2000hn,
	Archiveprefix = {arXiv},
	Author = {Dalcanton, Julianne J. and Hogan, Craig J.},
	Doi = {10.1086/323207},
	Eprint = {astro-ph/0004381},
	Journal = {Astrophys. J.},
	Pages = {35-45},
	Primaryclass = {astro-ph},
	Slaccitation = {%%CITATION = ASTRO-PH/0004381;%%},
	Title = {{Halo cores and phase space densities: Observational constraints on dark matter physics and structure formation}},
	Volume = {561},
	Year = {2001},
	Bdsk-Url-1 = {https://doi.org/10.1086/323207}}

@article{Burkert:1995yz,
	Archiveprefix = {arXiv},
	Author = {Burkert, A.},
	Date-Modified = {2020-03-03 21:51:26 -0500},
	Doi = {10.1086/309560},
	Eprint = {astro-ph/9504041},
	Journal = {IAU Symp.},
	Note = {[Astrophys. J.447,L25(1995)]},
	Pages = {175},
	Primaryclass = {astro-ph},
	Slaccitation = {%%CITATION = ASTRO-PH/9504041;%%},
	Title = {{The Structure of dark matter halos in dwarf galaxies}},
	Volume = {171},
	Year = {1996},
	Bdsk-Url-1 = {https://doi.org/10.1086/309560}}

@article{Vogelsberger:2018bok,
	Archiveprefix = {arXiv},
	Author = {Vogelsberger, Mark and Zavala, Jes{\'u}s and Schutz, Katelin and Slatyer, Tracy R.},
	Doi = {10.1093/mnras/stz340},
	Eprint = {1805.03203},
	Primaryclass = {astro-ph.GA},
	Reportnumber = {MIT-CTP/5014, MIT-CTP-5014},
	Slaccitation = {%%CITATION = ARXIV:1805.03203;%%},
	Title = {{Evaporating the Milky Way halo and its satellites with inelastic self-interacting dark matter}},
	Year = {2018},
	Bdsk-Url-1 = {https://doi.org/10.1093/mnras/stz340}}

@article{Fan:2013yva,
	Archiveprefix = {arXiv},
	Author = {Fan, JiJi and Katz, Andrey and Randall, Lisa and Reece, Matthew},
	Doi = {10.1016/j.dark.2013.07.001},
	Eprint = {1303.1521},
	Journal = {Phys. Dark Univ.},
	Pages = {139-156},
	Primaryclass = {astro-ph.CO},
	Slaccitation = {%%CITATION = ARXIV:1303.1521;%%},
	Title = {{Double-Disk Dark Matter}},
	Volume = {2},
	Year = {2013},
	Bdsk-Url-1 = {https://doi.org/10.1016/j.dark.2013.07.001}}

@article{Price-Whelan:2018hus,
	Archiveprefix = {arXiv},
	Author = {Price-Whelan, A. M. and others},
	Doi = {10.3847/1538-3881/aabc4f},
	Eprint = {1801.02634},
	Journal = {Astron. J.},
	Number = {3},
	Pages = {123},
	Slaccitation = {%%CITATION = ARXIV:1801.02634;%%},
	Title = {{The Astropy Project: Building an Open-science Project and Status of the v2.0 Core Package}},
	Volume = {156},
	Year = {2018},
	Bdsk-Url-1 = {https://doi.org/10.3847/1538-3881/aabc4f}}

@article{Chang:2018bpt,
	Archiveprefix = {arXiv},
	Author = {Chang, Laura J. and Lisanti, Mariangela and Mishra-Sharma, Siddharth},
	Doi = {10.1103/PhysRevD.98.123004},
	Eprint = {1804.04132},
	Journal = {Phys. Rev.},
	Number = {12},
	Pages = {123004},
	Primaryclass = {astro-ph.CO},
	Reportnumber = {PUPT-2559},
	Slaccitation = {%%CITATION = ARXIV:1804.04132;%%},
	Title = {{Search for dark matter annihilation in the Milky Way halo}},
	Volume = {D98},
	Year = {2018},
	Bdsk-Url-1 = {https://doi.org/10.1103/PhysRevD.98.123004}}

@article{Hu:2000ke,
	Archiveprefix = {arXiv},
	Author = {Hu, Wayne and Barkana, Rennan and Gruzinov, Andrei},
	Doi = {10.1103/PhysRevLett.85.1158},
	Eprint = {astro-ph/0003365},
	Journal = {Phys. Rev. Lett.},
	Pages = {1158-1161},
	Primaryclass = {astro-ph},
	Slaccitation = {%%CITATION = ASTRO-PH/0003365;%%},
	Title = {{Cold and fuzzy dark matter}},
	Volume = {85},
	Year = {2000},
	Bdsk-Url-1 = {https://doi.org/10.1103/PhysRevLett.85.1158}}

@article{Ludlow:2016ifl,
	Archiveprefix = {arXiv},
	Author = {Ludlow, Aaron D. and Bose, Sownak and Angulo, Ra{\'u}l E. and Wang, Lan and Hellwing, Wojciech A. and Navarro, Julio F. and Cole, Shaun and Frenk, Carlos S.},
	Doi = {10.1093/mnras/stw1046},
	Eprint = {1601.02624},
	Journal = {Mon. Not. Roy. Astron. Soc.},
	Number = {2},
	Pages = {1214-1232},
	Primaryclass = {astro-ph.CO},
	Slaccitation = {%%CITATION = ARXIV:1601.02624;%%},
	Title = {{The mass--concentration--redshift relation of cold and warm dark matter haloes}},
	Volume = {460},
	Year = {2016},
	Bdsk-Url-1 = {https://doi.org/10.1093/mnras/stw1046}}

@article{Hezaveh:2014aoa,
	Archiveprefix = {arXiv},
	Author = {Hezaveh, Yashar and Dalal, Neal and Holder, Gilbert and Kisner, Theodore and Kuhlen, Michael and Perreault Levasseur, Laurence},
	Doi = {10.1088/1475-7516/2016/11/048},
	Eprint = {1403.2720},
	Journal = {JCAP},
	Number = {11},
	Pages = {048},
	Primaryclass = {astro-ph.CO},
	Slaccitation = {%%CITATION = ARXIV:1403.2720;%%},
	Title = {{Measuring the power spectrum of dark matter substructure using strong gravitational lensing}},
	Volume = {1611},
	Year = {2016},
	Bdsk-Url-1 = {https://doi.org/10.1088/1475-7516/2016/11/048}}

@article{Kaplinghat:2015aga,
	Archiveprefix = {arXiv},
	Author = {Kaplinghat, Manoj and Tulin, Sean and Yu, Hai-Bo},
	Doi = {10.1103/PhysRevLett.116.041302},
	Eprint = {1508.03339},
	Journal = {Phys. Rev. Lett.},
	Number = {4},
	Pages = {041302},
	Primaryclass = {astro-ph.CO},
	Slaccitation = {%%CITATION = ARXIV:1508.03339;%%},
	Title = {{Dark Matter Halos as Particle Colliders: Unified Solution to Small-Scale Structure Puzzles from Dwarfs to Clusters}},
	Volume = {116},
	Year = {2016},
	Bdsk-Url-1 = {https://doi.org/10.1103/PhysRevLett.116.041302}}

@article{Bar-Or:2018pxz,
	Archiveprefix = {arXiv},
	Author = {Bar-Or, Ben and Fouvry, Jean-Baptiste and Tremaine, Scott},
	Doi = {10.3847/1538-4357/aaf28c},
	Eprint = {1809.07673},
	Journal = {Astrophys. J.},
	Number = {1},
	Pages = {28},
	Primaryclass = {astro-ph.GA},
	Slaccitation = {%%CITATION = ARXIV:1809.07673;%%},
	Title = {{Relaxation in a Fuzzy Dark Matter Halo}},
	Volume = {871},
	Year = {2019},
	Bdsk-Url-1 = {https://doi.org/10.3847/1538-4357/aaf28c}}

@article{Dalal:2001fq,
	Archiveprefix = {arXiv},
	Author = {Dalal, N. and Kochanek, C. S.},
	Doi = {10.1086/340303},
	Eprint = {astro-ph/0111456},
	Journal = {Astrophys. J.},
	Pages = {25-33},
	Primaryclass = {astro-ph},
	Slaccitation = {%%CITATION = ASTRO-PH/0111456;%%},
	Title = {{Direct detection of CDM substructure}},
	Volume = {572},
	Year = {2002},
	Bdsk-Url-1 = {https://doi.org/10.1086/340303}}

@article{Rivero:2018bcd,
	Archiveprefix = {arXiv},
	Author = {D{\'\i}az Rivero, Ana and Dvorkin, Cora and Cyr-Racine, Francis-Yan and Zavala, Jes{\'u}s and Vogelsberger, Mark},
	Doi = {10.1103/PhysRevD.98.103517},
	Eprint = {1809.00004},
	Journal = {Phys. Rev.},
	Number = {10},
	Pages = {103517},
	Primaryclass = {astro-ph.CO},
	Slaccitation = {%%CITATION = ARXIV:1809.00004;%%},
	Title = {{Gravitational Lensing and the Power Spectrum of Dark Matter Substructure: Insights from the ETHOS N-body Simulations}},
	Volume = {D98},
	Year = {2018},
	Bdsk-Url-1 = {https://doi.org/10.1103/PhysRevD.98.103517}}

@article{Cui:2017nnn,
	Archiveprefix = {arXiv},
	Author = {Cui, Xiangyi and others},
	Collaboration = {PandaX-II},
	Doi = {10.1103/PhysRevLett.119.181302},
	Eprint = {1708.06917},
	Journal = {Phys. Rev. Lett.},
	Number = {18},
	Pages = {181302},
	Primaryclass = {astro-ph.CO},
	Slaccitation = {%%CITATION = ARXIV:1708.06917;%%},
	Title = {{Dark Matter Results From 54-Ton-Day Exposure of PandaX-II Experiment}},
	Volume = {119},
	Year = {2017},
	Bdsk-Url-1 = {https://doi.org/10.1103/PhysRevLett.119.181302}}

@article{Carlberg:2011xj,
	Archiveprefix = {arXiv},
	Author = {Carlberg, Raymond G.},
	Doi = {10.1088/0004-637X/748/1/20},
	Eprint = {1109.6022},
	Journal = {Astrophys. J.},
	Pages = {20},
	Primaryclass = {astro-ph.CO},
	Slaccitation = {%%CITATION = ARXIV:1109.6022;%%},
	Title = {{Dark Matter Sub-Halo Counts via Star Stream Crossings}},
	Volume = {748},
	Year = {2012},
	Bdsk-Url-1 = {https://doi.org/10.1088/0004-637X/748/1/20}}

@article{Hiroshima:2018kfv,
	Archiveprefix = {arXiv},
	Author = {Hiroshima, Nagisa and Ando, Shin'ichiro and Ishiyama, Tomoaki},
	Doi = {10.1103/PhysRevD.97.123002},
	Eprint = {1803.07691},
	Journal = {Phys. Rev.},
	Number = {12},
	Pages = {123002},
	Primaryclass = {astro-ph.CO},
	Reportnumber = {KEK-TH-2043},
	Slaccitation = {%%CITATION = ARXIV:1803.07691;%%},
	Title = {{Modeling evolution of dark matter substructure and annihilation boost}},
	Volume = {D97},
	Year = {2018},
	Bdsk-Url-1 = {https://doi.org/10.1103/PhysRevD.97.123002}}

@article{Bartels:2015uba,
	Archiveprefix = {arXiv},
	Author = {Bartels, Richard and Ando, Shin'ichiro},
	Doi = {10.1103/PhysRevD.92.123508},
	Eprint = {1507.08656},
	Journal = {Phys. Rev.},
	Number = {12},
	Pages = {123508},
	Primaryclass = {astro-ph.CO},
	Slaccitation = {%%CITATION = ARXIV:1507.08656;%%},
	Title = {{Boosting the annihilation boost: Tidal effects on dark matter subhalos and consistent luminosity modeling}},
	Volume = {D92},
	Year = {2015},
	Bdsk-Url-1 = {https://doi.org/10.1103/PhysRevD.92.123508}}

@article{Moline:2016pbm,
	Archiveprefix = {arXiv},
	Author = {Molin{\'e}, {\'A}ngeles and S{\'a}nchez-Conde, Miguel A. and Palomares-Ruiz, Sergio and Prada, Francisco},
	Doi = {10.1093/mnras/stx026},
	Eprint = {1603.04057},
	Journal = {Mon. Not. Roy. Astron. Soc.},
	Number = {4},
	Pages = {4974-4990},
	Primaryclass = {astro-ph.CO},
	Reportnumber = {CFTP-16-006, IFIC-16-15},
	Slaccitation = {%%CITATION = ARXIV:1603.04057;%%},
	Title = {{Characterization of subhalo structural properties and implications for dark matter annihilation signals}},
	Volume = {466},
	Year = {2017},
	Bdsk-Url-1 = {https://doi.org/10.1093/mnras/stx026}}

@article{Hutten:2016jko,
	Archiveprefix = {arXiv},
	Author = {H{\"u}tten, M. and Combet, C. and Maier, G. and Maurin, D.},
	Doi = {10.1088/1475-7516/2016/09/047},
	Eprint = {1606.04898},
	Journal = {JCAP},
	Number = {09},
	Pages = {047},
	Primaryclass = {astro-ph.HE},
	Reportnumber = {DESY-16-124},
	Slaccitation = {%%CITATION = ARXIV:1606.04898;%%},
	Title = {{Dark matter substructure modelling and sensitivity of the Cherenkov Telescope Array to Galactic dark halos}},
	Volume = {1609},
	Year = {2016},
	Bdsk-Url-1 = {https://doi.org/10.1088/1475-7516/2016/09/047}}

@article{Buckley:2017ttd,
	Archiveprefix = {arXiv},
	Author = {Buckley, Matthew R. and DiFranzo, Anthony},
	Doi = {10.1103/PhysRevLett.120.051102},
	Eprint = {1707.03829},
	Journal = {Phys. Rev. Lett.},
	Number = {5},
	Pages = {051102},
	Primaryclass = {hep-ph},
	Slaccitation = {%%CITATION = ARXIV:1707.03829;%%},
	Title = {{Collapsed Dark Matter Structures}},
	Volume = {120},
	Year = {2018},
	Bdsk-Url-1 = {https://doi.org/10.1103/PhysRevLett.120.051102}}

@article{Mocz:2017wlg,
	Archiveprefix = {arXiv},
	Author = {Mocz, Philip and Vogelsberger, Mark and Robles, Victor H. and Zavala, Jes{\'u}s and Boylan-Kolchin, Michael and Fialkov, Anastasia and Hernquist, Lars},
	Doi = {10.1093/mnras/stx1887},
	Eprint = {1705.05845},
	Journal = {Mon. Not. Roy. Astron. Soc.},
	Number = {4},
	Pages = {4559-4570},
	Primaryclass = {astro-ph.CO},
	Slaccitation = {%%CITATION = ARXIV:1705.05845;%%},
	Title = {{Galaxy formation with BECDM -- I. Turbulence and relaxation of idealized haloes}},
	Volume = {471},
	Year = {2017},
	Bdsk-Url-1 = {https://doi.org/10.1093/mnras/stx1887}}

@article{Kahlhoefer:2019oyt,
	Archiveprefix = {arXiv},
	Author = {Kahlhoefer, Felix and Kaplinghat, Manoj and Slatyer, Tracy R. and Wu, Chih-Liang},
	Eprint = {1904.10539},
	Primaryclass = {astro-ph.GA},
	Reportnumber = {TTK-19-17,MIT-CTP/5117},
	Slaccitation = {%%CITATION = ARXIV:1904.10539;%%},
	Title = {{Diversity in density profiles of self-interacting dark matter satellite halos}},
	Year = {2019}}

@article{Springel:2008cc,
	Archiveprefix = {arXiv},
	Author = {Springel, Volker and Wang, Jie and Vogelsberger, Mark and Ludlow, Aaron and Jenkins, Adrian and Helmi, Amina and Navarro, Julio F. and Frenk, Carlos S. and White, Simon D. M.},
	Doi = {10.1111/j.1365-2966.2008.14066.x},
	Eprint = {0809.0898},
	Journal = {Mon. Not. Roy. Astron. Soc.},
	Pages = {1685-1711},
	Primaryclass = {astro-ph},
	Slaccitation = {%%CITATION = ARXIV:0809.0898;%%},
	Title = {{The Aquarius Project: the subhalos of galactic halos}},
	Volume = {391},
	Year = {2008},
	Bdsk-Url-1 = {https://doi.org/10.1111/j.1365-2966.2008.14066.x}}

@article{Daylan:2017kfh,
	Archiveprefix = {arXiv},
	Author = {Daylan, Tansu and Cyr-Racine, Francis-Yan and Diaz Rivero, Ana and Dvorkin, Cora and Finkbeiner, Douglas P.},
	Doi = {10.3847/1538-4357/aaaa1e},
	Eprint = {1706.06111},
	Journal = {Astrophys. J.},
	Number = {2},
	Pages = {141},
	Primaryclass = {astro-ph.CO},
	Slaccitation = {%%CITATION = ARXIV:1706.06111;%%},
	Title = {{Probing the small-scale structure in strongly lensed systems via transdimensional inference}},
	Volume = {854},
	Year = {2018},
	Bdsk-Url-1 = {https://doi.org/10.3847/1538-4357/aaaa1e}}

@inproceedings{Vavra:2008dzp,
	Author = {Va'vra, J.},
	Booktitle = {{Proceedings, 2008 IEEE Nuclear Science Symposium, Medical Imaging Conference and 16th International Workshop on Room-Temperature Semiconductor X-Ray and Gamma-Ray Detectors (NSS/MIC 2008 / RTSD 2008): Dresden, Germany, October 19-25, 2008}},
	Doi = {10.1109/NSSMIC.2008.4774841},
	Pages = {2408-2412},
	Reportnumber = {SLAC-PUB-13464},
	Slaccitation = {%%CITATION = SLAC-PUB-13464;%%},
	Title = {{Simulation of the Focusing DIRC Optics with Mathematica}},
	Url = {http://www-public.slac.stanford.edu/sciDoc/docMeta.aspx?slacPubNumber=slac-pub-13464},
	Year = {2008},
	Bdsk-Url-1 = {http://www-public.slac.stanford.edu/sciDoc/docMeta.aspx?slacPubNumber=slac-pub-13464},
	Bdsk-Url-2 = {https://doi.org/10.1109/NSSMIC.2008.4774841}}

@article{Hezaveh:2016ltk,
	Archiveprefix = {arXiv},
	Author = {Hezaveh, Yashar D. and others},
	Doi = {10.3847/0004-637X/823/1/37},
	Eprint = {1601.01388},
	Journal = {Astrophys. J.},
	Number = {1},
	Pages = {37},
	Primaryclass = {astro-ph.CO},
	Slaccitation = {%%CITATION = ARXIV:1601.01388;%%},
	Title = {{Detection of lensing substructure using ALMA observations of the dusty galaxy SDP.81}},
	Volume = {823},
	Year = {2016},
	Bdsk-Url-1 = {https://doi.org/10.3847/0004-637X/823/1/37}}

@article{Brennan:2018jhq,
	Archiveprefix = {arXiv},
	Author = {Brennan, Sean and Benson, Andrew J. and Cyr-Racine, Francis-Yan and Keeton, Charles R. and Moustakas, Leonidas A. and Pullen, Anthony R.},
	Doi = {10.1093/mnras/stz1607},
	Eprint = {1808.03501},
	Journal = {Mon. Not. Roy. Astron. Soc.},
	Number = {4},
	Pages = {5085-5092},
	Primaryclass = {astro-ph.GA},
	Slaccitation = {%%CITATION = ARXIV:1808.03501;%%},
	Title = {{Quantifying the power spectrum of small-scale structure in semi-analytic galaxies}},
	Volume = {488},
	Year = {2019},
	Bdsk-Url-1 = {https://doi.org/10.1093/mnras/stz1607}}

@article{Tinker:2008ff,
	Archiveprefix = {arXiv},
	Author = {Tinker, Jeremy L. and Kravtsov, Andrey V. and Klypin, Anatoly and Abazajian, Kevork and Warren, Michael S. and Yepes, Gustavo and Gottlober, Stefan and Holz, Daniel E.},
	Doi = {10.1086/591439},
	Eprint = {0803.2706},
	Journal = {Astrophys. J.},
	Pages = {709-728},
	Primaryclass = {astro-ph},
	Slaccitation = {%%CITATION = ARXIV:0803.2706;%%},
	Title = {{Toward a halo mass function for precision cosmology: The Limits of universality}},
	Volume = {688},
	Year = {2008},
	Bdsk-Url-1 = {https://doi.org/10.1086/591439}}

@article{Chatterjee:2017orx,
	Archiveprefix = {arXiv},
	Author = {Chatterjee, Saikat and Koopmans, L{\'e}on V. E.},
	Doi = {10.1093/mnras/stx2674},
	Eprint = {1710.03075},
	Journal = {Mon. Not. Roy. Astron. Soc.},
	Number = {2},
	Pages = {1762-1772},
	Primaryclass = {astro-ph.CO},
	Reportnumber = {MN-17-2167-MJ.R2},
	Slaccitation = {%%CITATION = ARXIV:1710.03075;%%},
	Title = {{The inner mass power spectrum of galaxies using strong gravitational lensing: beyond linear approximation}},
	Volume = {474},
	Year = {2018},
	Bdsk-Url-1 = {https://doi.org/10.1093/mnras/stx2674}}

@article{VanTilburg:2018ykj,
	Archiveprefix = {arXiv},
	Author = {Van Tilburg, Ken and Taki, Anna-Maria and Weiner, Neal},
	Doi = {10.1088/1475-7516/2018/07/041},
	Eprint = {1804.01991},
	Journal = {JCAP},
	Number = {07},
	Pages = {041},
	Primaryclass = {astro-ph.CO},
	Slaccitation = {%%CITATION = ARXIV:1804.01991;%%},
	Title = {{Halometry from Astrometry}},
	Volume = {1807},
	Year = {2018},
	Bdsk-Url-1 = {https://doi.org/10.1088/1475-7516/2018/07/041}}

@article{Efstathiou:1992zz,
	Author = {Efstathiou, G.},
	Journal = {Mon. Not. Roy. Astron. Soc.},
	Pages = {43P-47P},
	Slaccitation = {%%CITATION = MNRAA,256,43P;%%},
	Title = {{Suppressing the formation of dwarf galaxies via photoionization}},
	Volume = {256},
	Year = {1992}}

@article{Rivero:2017mao,
	Archiveprefix = {arXiv},
	Author = {Diaz Rivero, Ana and Cyr-Racine, Francis-Yan and Dvorkin, Cora},
	Doi = {10.1103/PhysRevD.97.023001},
	Eprint = {1707.04590},
	Journal = {Phys. Rev.},
	Number = {2},
	Pages = {023001},
	Primaryclass = {astro-ph.CO},
	Slaccitation = {%%CITATION = ARXIV:1707.04590;%%},
	Title = {{Power spectrum of dark matter substructure in strong gravitational lenses}},
	Volume = {D97},
	Year = {2018},
	Bdsk-Url-1 = {https://doi.org/10.1103/PhysRevD.97.023001}}

@article{Aaboud:2019yqu,
	Archiveprefix = {arXiv},
	Author = {Aaboud, Morad and others},
	Collaboration = {ATLAS},
	Doi = {10.1007/JHEP05(2019)142},
	Eprint = {1903.01400},
	Journal = {JHEP},
	Pages = {142},
	Primaryclass = {hep-ex},
	Reportnumber = {CERN-EP-2018-334},
	Slaccitation = {%%CITATION = ARXIV:1903.01400;%%},
	Title = {{Constraints on mediator-based dark matter and scalar dark energy models using $\sqrt s = 13$ TeV $pp$ collision data collected by the ATLAS detector}},
	Volume = {05},
	Year = {2019},
	Bdsk-Url-1 = {https://doi.org/10.1007/JHEP05(2019)142}}

@article{Lacey:1994su,
	Archiveprefix = {arXiv},
	Author = {Lacey, Cedric G. and Cole, Shaun},
	Doi = {10.1093/mnras/271.3.676},
	Eprint = {astro-ph/9402069},
	Journal = {Mon. Not. Roy. Astron. Soc.},
	Pages = {676},
	Primaryclass = {astro-ph},
	Slaccitation = {%%CITATION = ASTRO-PH/9402069;%%},
	Title = {{Merger rates in hierarchical models of galaxy formation. 2. Comparison with N body simulations}},
	Volume = {271},
	Year = {1994},
	Bdsk-Url-1 = {https://doi.org/10.1093/mnras/271.3.676}}

@article{Hui:2016ltb,
	Archiveprefix = {arXiv},
	Author = {Hui, Lam and Ostriker, Jeremiah P. and Tremaine, Scott and Witten, Edward},
	Doi = {10.1103/PhysRevD.95.043541},
	Eprint = {1610.08297},
	Journal = {Phys. Rev.},
	Number = {4},
	Pages = {043541},
	Primaryclass = {astro-ph.CO},
	Slaccitation = {%%CITATION = ARXIV:1610.08297;%%},
	Title = {{Ultralight scalars as cosmological dark matter}},
	Volume = {D95},
	Year = {2017},
	Bdsk-Url-1 = {https://doi.org/10.1103/PhysRevD.95.043541}}

@article{Vogelsberger:2012ku,
	Archiveprefix = {arXiv},
	Author = {Vogelsberger, Mark and Zavala, Jesus and Loeb, Abraham},
	Doi = {10.1111/j.1365-2966.2012.21182.x},
	Eprint = {1201.5892},
	Journal = {Mon. Not. Roy. Astron. Soc.},
	Pages = {3740},
	Primaryclass = {astro-ph.CO},
	Slaccitation = {%%CITATION = ARXIV:1201.5892;%%},
	Title = {{Subhaloes in Self-Interacting Galactic Dark Matter Haloes}},
	Volume = {423},
	Year = {2012},
	Bdsk-Url-1 = {https://doi.org/10.1111/j.1365-2966.2012.21182.x}}

@article{Bonaca:2018fek,
	Archiveprefix = {arXiv},
	Author = {Bonaca, Ana and Hogg, David W. and Price-Whelan, Adrian M. and Conroy, Charlie},
	Doi = {10.3847/1538-4357/ab2873},
	Eprint = {1811.03631},
	Primaryclass = {astro-ph.GA},
	Slaccitation = {%%CITATION = ARXIV:1811.03631;%%},
	Title = {{The Spur and the Gap in GD-1: Dynamical evidence for a dark substructure in the Milky Way halo}},
	Year = {2018},
	Bdsk-Url-1 = {https://doi.org/10.3847/1538-4357/ab2873}}

@article{Birrer:2017rpp,
	Archiveprefix = {arXiv},
	Author = {Birrer, Simon and Amara, Adam and Refregier, Alexandre},
	Doi = {10.1088/1475-7516/2017/05/037},
	Eprint = {1702.00009},
	Journal = {JCAP},
	Number = {05},
	Pages = {037},
	Primaryclass = {astro-ph.CO},
	Slaccitation = {%%CITATION = ARXIV:1702.00009;%%},
	Title = {{Lensing substructure quantification in RXJ1131-1231: A 2 keV lower bound on dark matter thermal relic mass}},
	Volume = {1705},
	Year = {2017},
	Bdsk-Url-1 = {https://doi.org/10.1088/1475-7516/2017/05/037}}

@article{Plummer:1911zza,
	Author = {Plummer, Henry C.},
	Journal = {Mon. Not. Roy. Astron. Soc.},
	Pages = {460-470},
	Slaccitation = {%%CITATION = MNRAA,71,460;%%},
	Title = {{On the problem of distribution in globular star clusters}},
	Volume = {71},
	Year = {1911}}

@article{Boyanovsky:2008he,
	Archiveprefix = {arXiv},
	Author = {Boyanovsky, D. and de Vega, H. J. and Sanchez, N. G.},
	Doi = {10.1103/PhysRevD.78.063546},
	Eprint = {0807.0622},
	Journal = {Phys. Rev.},
	Pages = {063546},
	Primaryclass = {astro-ph},
	Slaccitation = {%%CITATION = ARXIV:0807.0622;%%},
	Title = {{The dark matter transfer function: free streaming, particle statistics and memory of gravitational clustering}},
	Volume = {D78},
	Year = {2008},
	Bdsk-Url-1 = {https://doi.org/10.1103/PhysRevD.78.063546}}

@article{Aghanim:2018eyx,
	Archiveprefix = {arXiv},
	Author = {Aghanim, N. and others},
	Collaboration = {\emph{Planck}},
	Date-Modified = {2020-03-03 21:48:57 -0500},
	Eprint = {1807.06209},
	Primaryclass = {astro-ph.CO},
	Slaccitation = {%%CITATION = ARXIV:1807.06209;%%},
	Title = {{Planck 2018 results. VI. Cosmological parameters}},
	Year = {2018}}

@article{vandenBosch:2018tyt,
	Archiveprefix = {arXiv},
	Author = {van den Bosch, Frank C. and Ogiya, Go},
	Doi = {10.1093/mnras/sty084},
	Eprint = {1801.05427},
	Journal = {Mon. Not. Roy. Astron. Soc.},
	Number = {3},
	Pages = {4066-4087},
	Primaryclass = {astro-ph.GA},
	Slaccitation = {%%CITATION = ARXIV:1801.05427;%%},
	Title = {{Dark Matter Substructure in Numerical Simulations: A Tale of Discreteness Noise, Runaway Instabilities, and Artificial Disruption}},
	Volume = {475},
	Year = {2018},
	Bdsk-Url-1 = {https://doi.org/10.1093/mnras/sty084}}

@article{Koposov:2007ni,
	Archiveprefix = {arXiv},
	Author = {Koposov, S. and others},
	Doi = {10.1086/589911},
	Eprint = {0706.2687},
	Journal = {Astrophys. J.},
	Pages = {279-291},
	Primaryclass = {astro-ph},
	Slaccitation = {%%CITATION = ARXIV:0706.2687;%%},
	Title = {{The Luminosity Function of the Milky Way Satellites}},
	Volume = {686},
	Year = {2008},
	Bdsk-Url-1 = {https://doi.org/10.1086/589911}}

@inproceedings{Brooks:2018ktu,
	Archiveprefix = {arXiv},
	Author = {Brooks, Alyson M.},
	Booktitle = {{Symposium on Illuminating Dark Matter Kruen, Germany, May 13-19, 2018}},
	Eprint = {1812.00044},
	Primaryclass = {astro-ph.CO},
	Slaccitation = {%%CITATION = ARXIV:1812.00044;%%},
	Title = {{Understanding Dwarf Galaxies in order to Understand Dark Matter}},
	Year = {2018}}

@article{Sirunyan:2016iap,
	Archiveprefix = {arXiv},
	Author = {Sirunyan, Albert M and others},
	Collaboration = {CMS},
	Doi = {10.1016/j.physletb.2017.09.029, 10.1016/j.physletb.2017.02.012},
	Eprint = {1611.03568},
	Journal = {Phys. Lett.},
	Note = {[Erratum: Phys. Lett.B772,882(2017)]},
	Pages = {520-542},
	Primaryclass = {hep-ex},
	Reportnumber = {CMS-EXO-16-032, CERN-EP-2016-277},
	Slaccitation = {%%CITATION = ARXIV:1611.03568;%%},
	Title = {{Search for dijet resonances in proton--proton collisions at $\sqrt{s}$ = 13 TeV and constraints on dark matter and other models}},
	Volume = {B769},
	Year = {2017},
	Bdsk-Url-1 = {https://doi.org/10.1016/j.physletb.2017.09.029,%2010.1016/j.physletb.2017.02.012}}

@article{Du:2016zcv,
	Archiveprefix = {arXiv},
	Author = {Du, Xiaolong and Behrens, Christoph and Niemeyer, Jens C.},
	Doi = {10.1093/mnras/stw2724},
	Eprint = {1608.02575},
	Journal = {Mon. Not. Roy. Astron. Soc.},
	Number = {1},
	Pages = {941-951},
	Primaryclass = {astro-ph.CO},
	Slaccitation = {%%CITATION = ARXIV:1608.02575;%%},
	Title = {{Substructure of fuzzy dark matter haloes}},
	Volume = {465},
	Year = {2017},
	Bdsk-Url-1 = {https://doi.org/10.1093/mnras/stw2724}}

@article{Cyr-Racine:2015jwa,
	Archiveprefix = {arXiv},
	Author = {Cyr-Racine, Francis-Yan and Moustakas, Leonidas A. and Keeton, Charles R. and Sigurdson, Kris and Gilman, Daniel A.},
	Doi = {10.1103/PhysRevD.94.043505},
	Eprint = {1506.01724},
	Journal = {Phys. Rev.},
	Number = {4},
	Pages = {043505},
	Primaryclass = {astro-ph.CO},
	Slaccitation = {%%CITATION = ARXIV:1506.01724;%%},
	Title = {{Dark census: Statistically detecting the satellite populations of distant galaxies}},
	Volume = {D94},
	Year = {2016},
	Bdsk-Url-1 = {https://doi.org/10.1103/PhysRevD.94.043505}}

@article{vandenBosch:2017ynq,
	Archiveprefix = {arXiv},
	Author = {van den Bosch, Frank C. and Ogiya, Go and Hahn, Oliver and Burkert, Andreas},
	Doi = {10.1093/mnras/stx2956},
	Eprint = {1711.05276},
	Journal = {Mon. Not. Roy. Astron. Soc.},
	Number = {3},
	Pages = {3043-3066},
	Primaryclass = {astro-ph.GA},
	Slaccitation = {%%CITATION = ARXIV:1711.05276;%%},
	Title = {{Disruption of Dark Matter Substructure: Fact or Fiction?}},
	Volume = {474},
	Year = {2018},
	Bdsk-Url-1 = {https://doi.org/10.1093/mnras/stx2956}}

@article{Mollitor:2014ara,
	Archiveprefix = {arXiv},
	Author = {Mollitor, Pol and Nezri, Emmanuel and Teyssier, Romain},
	Doi = {10.1093/mnras/stu2466},
	Eprint = {1405.4318},
	Journal = {Mon. Not. Roy. Astron. Soc.},
	Number = {2},
	Pages = {1353-1369},
	Primaryclass = {astro-ph.GA},
	Slaccitation = {%%CITATION = ARXIV:1405.4318;%%},
	Title = {{Baryonic and dark matter distribution in cosmological simulations of spiral galaxies}},
	Volume = {447},
	Year = {2015},
	Bdsk-Url-1 = {https://doi.org/10.1093/mnras/stu2466}}

@article{Boyanovsky:2010pw,
	Archiveprefix = {arXiv},
	Author = {Boyanovsky, Daniel and Wu, Jun},
	Doi = {10.1103/PhysRevD.83.043524},
	Eprint = {1008.0992},
	Journal = {Phys. Rev.},
	Pages = {043524},
	Primaryclass = {astro-ph.CO},
	Slaccitation = {%%CITATION = ARXIV:1008.0992;%%},
	Title = {{Small scale aspects of warm dark matter : power spectra and acoustic oscillations}},
	Volume = {D83},
	Year = {2011},
	Bdsk-Url-1 = {https://doi.org/10.1103/PhysRevD.83.043524}}

@article{Kerr:1986hz,
	Author = {Kerr, F. J. and Lynden-Bell, Donald},
	Journal = {Mon. Not. Roy. Astron. Soc.},
	Pages = {1023},
	Slaccitation = {%%CITATION = MNRAA,221,1023;%%},
	Title = {{Review of galactic constants}},
	Volume = {221},
	Year = {1986}}

@article{Vegetti:2009cz,
	Archiveprefix = {arXiv},
	Author = {Vegetti, S. and Koopmans, L. V. E. and Bolton, A. and Treu, T. and Gavazzi, R.},
	Doi = {10.1111/j.1365-2966.2010.16865.x},
	Eprint = {0910.0760},
	Journal = {Mon. Not. Roy. Astron. Soc.},
	Pages = {1969},
	Primaryclass = {astro-ph.CO},
	Slaccitation = {%%CITATION = ARXIV:0910.0760;%%},
	Title = {{Detection of a Dark Substructure through Gravitational Imaging}},
	Volume = {408},
	Year = {2010},
	Bdsk-Url-1 = {https://doi.org/10.1111/j.1365-2966.2010.16865.x}}

@article{Garrison-Kimmel:2017zes,
	Archiveprefix = {arXiv},
	Author = {Garrison-Kimmel, Shea and others},
	Doi = {10.1093/mnras/stx1710},
	Eprint = {1701.03792},
	Journal = {Mon. Not. Roy. Astron. Soc.},
	Number = {2},
	Pages = {1709-1727},
	Primaryclass = {astro-ph.GA},
	Slaccitation = {%%CITATION = ARXIV:1701.03792;%%},
	Title = {{Not so lumpy after all: modelling the depletion of dark matter subhaloes by Milky Way-like galaxies}},
	Volume = {471},
	Year = {2017},
	Bdsk-Url-1 = {https://doi.org/10.1093/mnras/stx1710}}

@article{Vogelsberger:2015gpr,
	Archiveprefix = {arXiv},
	Author = {Vogelsberger, Mark and Zavala, Jesus and Cyr-Racine, Francis-Yan and Pfrommer, Christoph and Bringmann, Torsten and Sigurdson, Kris},
	Doi = {10.1093/mnras/stw1076},
	Eprint = {1512.05349},
	Journal = {Mon. Not. Roy. Astron. Soc.},
	Number = {2},
	Pages = {1399-1416},
	Primaryclass = {astro-ph.CO},
	Slaccitation = {%%CITATION = ARXIV:1512.05349;%%},
	Title = {{ETHOS -- an effective theory of structure formation: dark matter physics as a possible explanation of the small-scale CDM problems}},
	Volume = {460},
	Year = {2016},
	Bdsk-Url-1 = {https://doi.org/10.1093/mnras/stw1076}}

@article{Buschmann:2017ams,
	Archiveprefix = {arXiv},
	Author = {Buschmann, Malte and Kopp, Joachim and Safdi, Benjamin R. and Wu, Chih-Liang},
	Doi = {10.1103/PhysRevLett.120.211101},
	Eprint = {1711.03554},
	Journal = {Phys. Rev. Lett.},
	Number = {21},
	Pages = {211101},
	Primaryclass = {astro-ph.GA},
	Reportnumber = {MIT-CTP-4963, LCTP-17-04, MITP-17-079},
	Slaccitation = {%%CITATION = ARXIV:1711.03554;%%},
	Title = {{Stellar Wakes from Dark Matter Subhalos}},
	Volume = {120},
	Year = {2018},
	Bdsk-Url-1 = {https://doi.org/10.1103/PhysRevLett.120.211101}}

@article{Schoenrich:2009bx,
	Archiveprefix = {arXiv},
	Author = {Schoenrich, R. and Binney, J. and Dehnen, W.},
	Doi = {10.1111/j.1365-2966.2010.16253.x},
	Eprint = {0912.3693},
	Journal = {Mon. Not. Roy. Astron. Soc.},
	Pages = {1829},
	Primaryclass = {astro-ph.GA},
	Slaccitation = {%%CITATION = ARXIV:0912.3693;%%},
	Title = {{Local Kinematics and the Local Standard of Rest}},
	Volume = {403},
	Year = {2010},
	Bdsk-Url-1 = {https://doi.org/10.1111/j.1365-2966.2010.16253.x}}

@article{Aprile:2018dbl,
	Archiveprefix = {arXiv},
	Author = {Aprile, E. and others},
	Collaboration = {XENON},
	Doi = {10.1103/PhysRevLett.121.111302},
	Eprint = {1805.12562},
	Journal = {Phys. Rev. Lett.},
	Number = {11},
	Pages = {111302},
	Primaryclass = {astro-ph.CO},
	Slaccitation = {%%CITATION = ARXIV:1805.12562;%%},
	Title = {{Dark Matter Search Results from a One Ton-Year Exposure of XENON1T}},
	Volume = {121},
	Year = {2018},
	Bdsk-Url-1 = {https://doi.org/10.1103/PhysRevLett.121.111302}}

@article{Fitts:2018ycl,
	Archiveprefix = {arXiv},
	Author = {Fitts, Alex and others},
	Doi = {10.1093/mnras/stz2613},
	Eprint = {1811.11791},
	Primaryclass = {astro-ph.GA},
	Slaccitation = {%%CITATION = ARXIV:1811.11791;%%},
	Title = {{Dwarf Galaxies in CDM, WDM, and SIDM: Disentangling Baryons and Dark Matter Physics}},
	Year = {2018},
	Bdsk-Url-1 = {https://doi.org/10.1093/mnras/stz2613}}

@article{Cyr-Racine:2018htu,
	Archiveprefix = {arXiv},
	Author = {Cyr-Racine, Francis-Yan and Keeton, Charles R. and Moustakas, Leonidas A.},
	Doi = {10.1103/PhysRevD.100.023013},
	Eprint = {1806.07897},
	Journal = {Phys. Rev.},
	Number = {2},
	Pages = {023013},
	Primaryclass = {astro-ph.CO},
	Slaccitation = {%%CITATION = ARXIV:1806.07897;%%},
	Title = {{Beyond subhalos: Probing the collective effect of the Universe's small-scale structure with gravitational lensing}},
	Volume = {D100},
	Year = {2019},
	Bdsk-Url-1 = {https://doi.org/10.1103/PhysRevD.100.023013}}

@article{Akerib:2016vxi,
	Archiveprefix = {arXiv},
	Author = {Akerib, D. S. and others},
	Collaboration = {LUX},
	Doi = {10.1103/PhysRevLett.118.021303},
	Eprint = {1608.07648},
	Journal = {Phys. Rev. Lett.},
	Number = {2},
	Pages = {021303},
	Primaryclass = {astro-ph.CO},
	Slaccitation = {%%CITATION = ARXIV:1608.07648;%%},
	Title = {{Results from a search for dark matter in the complete LUX exposure}},
	Volume = {118},
	Year = {2017},
	Bdsk-Url-1 = {https://doi.org/10.1103/PhysRevLett.118.021303}}

@article{Agrawal:2017pnb,
	Archiveprefix = {arXiv},
	Author = {Agrawal, Prateek and Randall, Lisa},
	Doi = {10.1088/1475-7516/2017/12/019},
	Eprint = {1706.04195},
	Journal = {JCAP},
	Number = {12},
	Pages = {019},
	Primaryclass = {hep-ph},
	Slaccitation = {%%CITATION = ARXIV:1706.04195;%%},
	Title = {{Point Sources from Dissipative Dark Matter}},
	Volume = {1712},
	Year = {2017},
	Bdsk-Url-1 = {https://doi.org/10.1088/1475-7516/2017/12/019}}
