%% This BibTeX bibliography file was created using BibDesk.
%% http://bibdesk.sourceforge.net/

%% Created for Siddharth Mishra-Sharma at 2019-08-09 17:04:04 -0400 


%% Saved with string encoding Unicode (UTF-8) 


@comment{%% This BibTeX bibliography file was created using BibDesk. %% http://bibdesk.sourceforge.net/  %% Created for Siddharth Mishra-Sharma at 2019-06-05 14:16:53 -0400    %% Saved with string encoding Unicode (UTF-8)}
@comment{%% This BibTeX bibliography file was created using BibDesk. %% http://bibdesk.sourceforge.net/  %% Created for Siddharth Mishra-Sharma at 2019-05-16 17:25:59 -0400    %% Saved with string encoding Unicode (UTF-8)}


@string{june = {June}}


@article{Aghanim:2018eyx,
	Archiveprefix = {arXiv},
	Author = {Aghanim, N. and others},
	Collaboration = {Planck},
	Date-Added = {2019-08-09 17:03:39 -0400},
	Date-Modified = {2019-08-09 17:03:39 -0400},
	Eprint = {1807.06209},
	Primaryclass = {astro-ph.CO},
	Slaccitation = {%%CITATION = ARXIV:1807.06209;%%},
	Title = {{Planck 2018 results. VI. Cosmological parameters}},
	Year = {2018}}

@article{1993MNRAS.262..627L,
	Adsnote = {Provided by the SAO/NASA Astrophysics Data System},
	Adsurl = {https://ui.adsabs.harvard.edu/abs/1993MNRAS.262..627L},
	Author = {{Lacey}, C. and {Cole}, S.},
	Date-Added = {2019-08-09 16:15:40 -0400},
	Date-Modified = {2019-08-09 16:15:40 -0400},
	Doi = {10.1093/mnras/262.3.627},
	Journal = {\mnras},
	Keywords = {Astronomical Models, Galactic Evolution, Galactic Halos, Interacting Galaxies, Baryons, Dark Matter, Gravitational Effects, Monte Carlo Method},
	Month = jun,
	Pages = {627-649},
	Title = {{Merger rates in hierarchical models of galaxy formation}},
	Volume = 262,
	Year = 1993,
	Bdsk-Url-1 = {https://doi.org/10.1093/mnras/262.3.627}}

@article{Ludlow:2016ifl,
	Archiveprefix = {arXiv},
	Author = {Ludlow, Aaron D. and Bose, Sownak and Angulo, Ra{\'u}l E. and Wang, Lan and Hellwing, Wojciech A. and Navarro, Julio F. and Cole, Shaun and Frenk, Carlos S.},
	Date-Added = {2019-08-09 16:15:26 -0400},
	Date-Modified = {2019-08-09 16:15:26 -0400},
	Doi = {10.1093/mnras/stw1046},
	Eprint = {1601.02624},
	Journal = {Mon. Not. Roy. Astron. Soc.},
	Number = {2},
	Pages = {1214-1232},
	Primaryclass = {astro-ph.CO},
	Slaccitation = {%%CITATION = ARXIV:1601.02624;%%},
	Title = {{The mass--concentration--redshift relation of cold and warm dark matter haloes}},
	Volume = {460},
	Year = {2016},
	Bdsk-Url-1 = {https://doi.org/10.1093/mnras/stw1046}}

@article{2008ApJ...688..709T,
	Adsnote = {Provided by the SAO/NASA Astrophysics Data System},
	Adsurl = {https://ui.adsabs.harvard.edu/abs/2008ApJ...688..709T},
	Archiveprefix = {arXiv},
	Author = {{Tinker}, J. and {Kravtsov}, A.~V. and {Klypin}, A. and {Abazajian}, K. and {Warren}, M. and {Yepes}, G. and {Gottl{\"o}ber}, S. and {Holz}, D.~E.},
	Date-Added = {2019-08-09 13:26:15 -0400},
	Date-Modified = {2019-08-09 13:26:15 -0400},
	Doi = {10.1086/591439},
	Eprint = {0803.2706},
	Journal = {\apj},
	Keywords = {cosmology: theory, large-scale structure of universe, methods: numerical},
	Month = dec,
	Pages = {709-728},
	Title = {{Toward a Halo Mass Function for Precision Cosmology: The Limits of Universality}},
	Volume = 688,
	Year = 2008,
	Bdsk-Url-1 = {https://doi.org/10.1086/591439}}

@article{2018ApJS..239...35D,
	Adsnote = {Provided by the SAO/NASA Astrophysics Data System},
	Adsurl = {https://ui.adsabs.harvard.edu/abs/2018ApJS..239...35D},
	Archiveprefix = {arXiv},
	Author = {{Diemer}, Benedikt},
	Date-Added = {2019-08-09 13:25:00 -0400},
	Date-Modified = {2019-08-09 13:25:00 -0400},
	Doi = {10.3847/1538-4365/aaee8c},
	Eid = {35},
	Eprint = {1712.04512},
	Journal = {\apjs},
	Keywords = {cosmology: theory, methods: numerical, Astrophysics - Cosmology and Nongalactic Astrophysics, Astrophysics - Instrumentation and Methods for Astrophysics},
	Month = {Dec},
	Number = {2},
	Pages = {35},
	Primaryclass = {astro-ph.CO},
	Title = {{COLOSSUS: A Python Toolkit for Cosmology, Large-scale Structure, and Dark Matter Halos}},
	Volume = {239},
	Year = {2018},
	Bdsk-Url-1 = {https://doi.org/10.3847/1538-4365/aaee8c}}

@article{Blas:2011rf,
	Archiveprefix = {arXiv},
	Author = {Blas, Diego and Lesgourgues, Julien and Tram, Thomas},
	Date-Added = {2019-08-09 13:23:26 -0400},
	Date-Modified = {2019-08-09 13:23:26 -0400},
	Doi = {10.1088/1475-7516/2011/07/034},
	Eprint = {1104.2933},
	Journal = {JCAP},
	Pages = {034},
	Primaryclass = {astro-ph.CO},
	Reportnumber = {CERN-PH-TH-2011-082, LAPTH-010-11},
	Slaccitation = {%%CITATION = ARXIV:1104.2933;%%},
	Title = {{The Cosmic Linear Anisotropy Solving System (CLASS) II: Approximation schemes}},
	Volume = {1107},
	Year = {2011},
	Bdsk-Url-1 = {https://doi.org/10.1088/1475-7516/2011/07/034}}

@article{0706.2687,
	Adsnote = {Provided by the SAO/NASA Astrophysics Data System},
	Adsurl = {https://ui.adsabs.harvard.edu/abs/2008ApJ...686..279K},
	Archiveprefix = {arXiv},
	Author = {{Koposov}, S. and {Belokurov}, V. and {Evans}, N.~W. and {Hewett}, P.~C. and {Irwin}, M.~J. and {Gilmore}, G. and {Zucker}, D.~B. and {Rix}, H. -W. and {Fellhauer}, M. and {Bell}, E.~F.},
	Doi = {10.1086/589911},
	Eprint = {0706.2687},
	Journal = {\apj},
	Keywords = {Galaxy: formation, Galaxy: halo, Galaxy: structure, Local Group, Astrophysics},
	Month = {Oct},
	Number = {1},
	Pages = {279-291},
	Primaryclass = {astro-ph},
	Title = {{The Luminosity Function of the Milky Way Satellites}},
	Volume = {686},
	Year = {2008},
	Bdsk-Url-1 = {https://doi.org/10.1086/589911}}

@article{0807.0622,
	Adsnote = {Provided by the SAO/NASA Astrophysics Data System},
	Adsurl = {https://ui.adsabs.harvard.edu/abs/2008PhRvD..78f3546B},
	Archiveprefix = {arXiv},
	Author = {{Boyanovsky}, D. and {de Vega}, H.~J. and {Sanchez}, N.~G.},
	Doi = {10.1103/PhysRevD.78.063546},
	Eid = {063546},
	Eprint = {0807.0622},
	Journal = {\prd},
	Keywords = {95.35.+d, 98.80.-k, 98.80.Cq, Dark matter, Cosmology, Particle-theory and field-theory models of the early Universe, Astrophysics, High Energy Physics - Phenomenology, High Energy Physics - Theory},
	Month = {Sep},
	Number = {6},
	Pages = {063546},
	Primaryclass = {astro-ph},
	Title = {{Dark matter transfer function: Free streaming, particle statistics, and memory of gravitational clustering}},
	Volume = {78},
	Year = {2008},
	Bdsk-Url-1 = {https://doi.org/10.1103/PhysRevD.78.063546}}

@article{0910.0760,
	Adsnote = {Provided by the SAO/NASA Astrophysics Data System},
	Adsurl = {https://ui.adsabs.harvard.edu/abs/2010MNRAS.408.1969V},
	Archiveprefix = {arXiv},
	Author = {{Vegetti}, S. and {Koopmans}, L.~V.~E. and {Bolton}, A. and {Treu}, T. and {Gavazzi}, R.},
	Doi = {10.1111/j.1365-2966.2010.16865.x},
	Eprint = {0910.0760},
	Journal = {\mnras},
	Keywords = {gravitational lensing: strong, galaxies: structure, Astrophysics - Cosmology and Nongalactic Astrophysics, Astrophysics - Astrophysics of Galaxies},
	Month = {Nov},
	Number = {4},
	Pages = {1969-1981},
	Primaryclass = {astro-ph.CO},
	Title = {{Detection of a dark substructure through gravitational imaging}},
	Volume = {408},
	Year = {2010},
	Bdsk-Url-1 = {https://doi.org/10.1111/j.1365-2966.2010.16865.x}}

@article{1008.0992,
	Adsnote = {Provided by the SAO/NASA Astrophysics Data System},
	Adsurl = {https://ui.adsabs.harvard.edu/abs/2011PhRvD..83d3524B},
	Archiveprefix = {arXiv},
	Author = {{Boyanovsky}, Daniel and {Wu}, Jun},
	Doi = {10.1103/PhysRevD.83.043524},
	Eid = {043524},
	Eprint = {1008.0992},
	Journal = {\prd},
	Keywords = {98.80.Cq, 98.80.-k, 98.80.Bp, Particle-theory and field-theory models of the early Universe, Cosmology, Origin and formation of the Universe, Astrophysics - Cosmology and Extragalactic Astrophysics, High Energy Physics - Phenomenology},
	Month = {Feb},
	Number = {4},
	Pages = {043524},
	Primaryclass = {astro-ph.CO},
	Title = {{Small scale aspects of warm dark matter: Power spectra and acoustic oscillations}},
	Volume = {83},
	Year = {2011},
	Bdsk-Url-1 = {https://doi.org/10.1103/PhysRevD.83.043524}}

@article{1109.6022,
	Adsnote = {Provided by the SAO/NASA Astrophysics Data System},
	Adsurl = {https://ui.adsabs.harvard.edu/abs/2012ApJ...748...20C},
	Archiveprefix = {arXiv},
	Author = {{Carlberg}, R.~G.},
	Doi = {10.1088/0004-637X/748/1/20},
	Eid = {20},
	Eprint = {1109.6022},
	Journal = {\apj},
	Keywords = {dark matter, galaxies: dwarf, Local Group, Astrophysics - Cosmology and Nongalactic Astrophysics, Astrophysics - Astrophysics of Galaxies},
	Month = {Mar},
	Number = {1},
	Pages = {20},
	Primaryclass = {astro-ph.CO},
	Title = {{Dark Matter Sub-halo Counts via Star Stream Crossings}},
	Volume = {748},
	Year = {2012},
	Bdsk-Url-1 = {https://doi.org/10.1088/0004-637X/748/1/20}}

@article{1201.3643,
	Adsnote = {Provided by the SAO/NASA Astrophysics Data System},
	Adsurl = {https://ui.adsabs.harvard.edu/abs/2012Natur.481..341V},
	Archiveprefix = {arXiv},
	Author = {{Vegetti}, S. and {Lagattuta}, D.~J. and {McKean}, J.~P. and {Auger}, M.~W. and {Fassnacht}, C.~D. and {Koopmans}, L.~V.~E.},
	Doi = {10.1038/nature10669},
	Eprint = {1201.3643},
	Journal = {\nat},
	Keywords = {Astrophysics - Cosmology and Nongalactic Astrophysics},
	Month = {Jan},
	Number = {7381},
	Pages = {341-343},
	Primaryclass = {astro-ph.CO},
	Title = {{Gravitational detection of a low-mass dark satellite galaxy at cosmological distance}},
	Volume = {481},
	Year = {2012},
	Bdsk-Url-1 = {https://doi.org/10.1038/nature10669}}

@article{1201.5892,
	Adsnote = {Provided by the SAO/NASA Astrophysics Data System},
	Adsurl = {https://ui.adsabs.harvard.edu/abs/2012MNRAS.423.3740V},
	Archiveprefix = {arXiv},
	Author = {{Vogelsberger}, Mark and {Zavala}, Jesus and {Loeb}, Abraham},
	Doi = {10.1111/j.1365-2966.2012.21182.x},
	Eprint = {1201.5892},
	Journal = {\mnras},
	Keywords = {methods: numerical, dark matter, Astrophysics - Cosmology and Nongalactic Astrophysics},
	Month = {Jul},
	Number = {4},
	Pages = {3740-3752},
	Primaryclass = {astro-ph.CO},
	Title = {{Subhaloes in self-interacting galactic dark matter haloes}},
	Volume = {423},
	Year = {2012},
	Bdsk-Url-1 = {https://doi.org/10.1111/j.1365-2966.2012.21182.x}}

@article{1208.3026,
	Adsnote = {Provided by the SAO/NASA Astrophysics Data System},
	Adsurl = {https://ui.adsabs.harvard.edu/abs/2013MNRAS.430..105P},
	Archiveprefix = {arXiv},
	Author = {{Peter}, Annika H.~G. and {Rocha}, Miguel and {Bullock}, James S. and {Kaplinghat}, Manoj},
	Doi = {10.1093/mnras/sts535},
	Eprint = {1208.3026},
	Journal = {\mnras},
	Keywords = {methods: numerical, galaxies: haloes, dark matter, Astrophysics - Cosmology and Nongalactic Astrophysics, High Energy Physics - Phenomenology},
	Month = {Mar},
	Number = {1},
	Pages = {105-120},
	Primaryclass = {astro-ph.CO},
	Title = {{Cosmological simulations with self-interacting dark matter - II. Halo shapes versus observations}},
	Volume = {430},
	Year = {2013},
	Bdsk-Url-1 = {https://doi.org/10.1093/mnras/sts535}}

@article{1211.6426,
	Adsnote = {Provided by the SAO/NASA Astrophysics Data System},
	Adsurl = {https://ui.adsabs.harvard.edu/abs/2013MNRAS.431L..20Z},
	Archiveprefix = {arXiv},
	Author = {{Zavala}, J. and {Vogelsberger}, M. and {Walker}, M.~G.},
	Doi = {10.1093/mnrasl/sls053},
	Eprint = {1211.6426},
	Journal = {\mnras},
	Keywords = {methods: numerical, galaxies: haloes, dark matter, Astrophysics - Cosmology and Extragalactic Astrophysics},
	Month = {Apr},
	Pages = {L20-L24},
	Primaryclass = {astro-ph.CO},
	Title = {{Constraining self-interacting dark matter with the Milky way's dwarf spheroidals.}},
	Volume = {431},
	Year = {2013},
	Bdsk-Url-1 = {https://doi.org/10.1093/mnrasl/sls053}}

@article{1303.1521,
	Adsnote = {Provided by the SAO/NASA Astrophysics Data System},
	Adsurl = {https://ui.adsabs.harvard.edu/abs/2013PDU.....2..139F},
	Archiveprefix = {arXiv},
	Author = {{Fan}, JiJi and {Katz}, Andrey and {Randall}, Lisa and {Reece}, Matthew},
	Doi = {10.1016/j.dark.2013.07.001},
	Eprint = {1303.1521},
	Journal = {Physics of the Dark Universe},
	Keywords = {Astrophysics - Cosmology and Extragalactic Astrophysics, Astrophysics - Galaxy Astrophysics, Astrophysics - High Energy Astrophysical Phenomena, High Energy Physics - Phenomenology},
	Month = {Sep},
	Number = {3},
	Pages = {139-156},
	Primaryclass = {astro-ph.CO},
	Title = {{Double-Disk Dark Matter}},
	Volume = {2},
	Year = {2013},
	Bdsk-Url-1 = {https://doi.org/10.1016/j.dark.2013.07.001}}

@article{1303.4342,
	Adsnote = {Provided by the SAO/NASA Astrophysics Data System},
	Adsurl = {https://ui.adsabs.harvard.edu/abs/2013ApJ...768..171C},
	Archiveprefix = {arXiv},
	Author = {{Carlberg}, R.~G. and {Grillmair}, C.~J.},
	Doi = {10.1088/0004-637X/768/2/171},
	Eid = {171},
	Eprint = {1303.4342},
	Journal = {\apj},
	Keywords = {dark matter, galaxies: dwarf, Local Group, Astrophysics - Cosmology and Nongalactic Astrophysics},
	Month = {May},
	Number = {2},
	Pages = {171},
	Primaryclass = {astro-ph.CO},
	Title = {{Gaps in the GD-1 Star Stream}},
	Volume = {768},
	Year = {2013},
	Bdsk-Url-1 = {https://doi.org/10.1088/0004-637X/768/2/171}}

@article{1311.6524,
	Adsnote = {Provided by the SAO/NASA Astrophysics Data System},
	Adsurl = {https://ui.adsabs.harvard.edu/abs/2014PhRvL.113b1302K},
	Archiveprefix = {arXiv},
	Author = {{Kaplinghat}, Manoj and {Keeley}, Ryan E. and {Linden}, Tim and {Yu}, Hai-Bo},
	Doi = {10.1103/PhysRevLett.113.021302},
	Eid = {021302},
	Eprint = {1311.6524},
	Journal = {\prl},
	Keywords = {95.35.+d, 98.35.Gi, 98.62.Gq, Dark matter, Galactic halo, Galactic halos, Astrophysics - Cosmology and Nongalactic Astrophysics, High Energy Physics - Phenomenology},
	Month = {Jul},
	Number = {2},
	Pages = {021302},
	Primaryclass = {astro-ph.CO},
	Title = {{Tying Dark Matter to Baryons with Self-Interactions}},
	Volume = {113},
	Year = {2014},
	Bdsk-Url-1 = {https://doi.org/10.1103/PhysRevLett.113.021302}}

@article{1403.2720,
	Adsnote = {Provided by the SAO/NASA Astrophysics Data System},
	Adsurl = {https://ui.adsabs.harvard.edu/abs/2016JCAP...11..048H},
	Archiveprefix = {arXiv},
	Author = {{Hezaveh}, Yashar and {Dalal}, Neal and {Holder}, Gilbert and {Kisner}, Theodore and {Kuhlen}, Michael and {Perreault Levasseur}, Laurence},
	Doi = {10.1088/1475-7516/2016/11/048},
	Eid = {048},
	Eprint = {1403.2720},
	Journal = {Journal of Cosmology and Astro-Particle Physics},
	Keywords = {Astrophysics - Cosmology and Nongalactic Astrophysics},
	Month = {Nov},
	Number = {11},
	Pages = {048},
	Primaryclass = {astro-ph.CO},
	Title = {{Measuring the power spectrum of dark matter substructure using strong gravitational lensing}},
	Volume = {2016},
	Year = {2016},
	Bdsk-Url-1 = {https://doi.org/10.1088/1475-7516/2016/11/048}}

@article{1503.02079,
	Adsnote = {Provided by the SAO/NASA Astrophysics Data System},
	Adsurl = {https://ui.adsabs.harvard.edu/abs/2015ApJ...805..130K},
	Archiveprefix = {arXiv},
	Author = {{Koposov}, Sergey E. and {Belokurov}, Vasily and {Torrealba}, Gabriel and {Evans}, N. Wyn},
	Doi = {10.1088/0004-637X/805/2/130},
	Eid = {130},
	Eprint = {1503.02079},
	Journal = {\apj},
	Keywords = {galaxies: dwarf, galaxies: kinematics and dynamics, Galaxy: halo, globular clusters: general, Astrophysics - Astrophysics of Galaxies, Astrophysics - Cosmology and Nongalactic Astrophysics},
	Month = {Jun},
	Number = {2},
	Pages = {130},
	Primaryclass = {astro-ph.GA},
	Title = {{Beasts of the Southern Wild: Discovery of Nine Ultra Faint Satellites in the Vicinity of the Magellanic Clouds.}},
	Volume = {805},
	Year = {2015},
	Bdsk-Url-1 = {https://doi.org/10.1088/0004-637X/805/2/130}}

@article{1503.02584,
	Adsnote = {Provided by the SAO/NASA Astrophysics Data System},
	Adsurl = {https://ui.adsabs.harvard.edu/abs/2015ApJ...807...50B},
	Archiveprefix = {arXiv},
	Author = {{Bechtol}, K. and {Drlica-Wagner}, A. and {Balbinot}, E. and {Pieres}, A. and {Simon}, J.~D. and {Yanny}, B. and {Santiago}, B. and {Wechsler}, R.~H. and {Frieman}, J. and {Walker}, A.~R.},
	Doi = {10.1088/0004-637X/807/1/50},
	Eid = {50},
	Eprint = {1503.02584},
	Journal = {\apj},
	Keywords = {galaxies: dwarf, Local Group, Astrophysics - Astrophysics of Galaxies},
	Month = {Jul},
	Number = {1},
	Pages = {50},
	Primaryclass = {astro-ph.GA},
	Title = {{Eight New Milky Way Companions Discovered in First-year Dark Energy Survey Data}},
	Volume = {807},
	Year = {2015},
	Bdsk-Url-1 = {https://doi.org/10.1088/0004-637X/807/1/50}}

@article{1506.01724,
	Adsnote = {Provided by the SAO/NASA Astrophysics Data System},
	Adsurl = {https://ui.adsabs.harvard.edu/abs/2016PhRvD..94d3505C},
	Archiveprefix = {arXiv},
	Author = {{Cyr-Racine}, Francis-Yan and {Moustakas}, Leonidas A. and {Keeton}, Charles R. and {Sigurdson}, Kris and {Gilman}, Daniel A.},
	Doi = {10.1103/PhysRevD.94.043505},
	Eid = {043505},
	Eprint = {1506.01724},
	Journal = {\prd},
	Keywords = {Astrophysics - Cosmology and Nongalactic Astrophysics, Astrophysics - Astrophysics of Galaxies},
	Month = {Aug},
	Number = {4},
	Pages = {043505},
	Primaryclass = {astro-ph.CO},
	Title = {{Dark census: Statistically detecting the satellite populations of distant galaxies}},
	Volume = {94},
	Year = {2016},
	Bdsk-Url-1 = {https://doi.org/10.1103/PhysRevD.94.043505}}

@article{1508.00662,
	Adsnote = {Provided by the SAO/NASA Astrophysics Data System},
	Adsurl = {https://ui.adsabs.harvard.edu/abs/2016MNRAS.455.1819B},
	Archiveprefix = {arXiv},
	Author = {{Brewer}, Brendon J. and {Huijser}, David and {Lewis}, Geraint F.},
	Doi = {10.1093/mnras/stv2370},
	Eprint = {1508.00662},
	Journal = {\mnras},
	Keywords = {gravitational lensing: strong, methods: data analysis, methods: statistical, Astrophysics - Instrumentation and Methods for Astrophysics, Astrophysics - Cosmology and Nongalactic Astrophysics, Astrophysics - Astrophysics of Galaxies, Physics - Data Analysis, Statistics and Probability, Statistics - Applications},
	Month = {Jan},
	Number = {2},
	Pages = {1819-1829},
	Primaryclass = {astro-ph.IM},
	Title = {{Trans-dimensional Bayesian inference for gravitational lens substructures}},
	Volume = {455},
	Year = {2016},
	Bdsk-Url-1 = {https://doi.org/10.1093/mnras/stv2370}}

@article{1508.03339,
	Adsnote = {Provided by the SAO/NASA Astrophysics Data System},
	Adsurl = {https://ui.adsabs.harvard.edu/abs/2016PhRvL.116d1302K},
	Archiveprefix = {arXiv},
	Author = {{Kaplinghat}, Manoj and {Tulin}, Sean and {Yu}, Hai-Bo},
	Doi = {10.1103/PhysRevLett.116.041302},
	Eid = {041302},
	Eprint = {1508.03339},
	Journal = {\prl},
	Keywords = {Astrophysics - Cosmology and Nongalactic Astrophysics, Astrophysics - Astrophysics of Galaxies, High Energy Physics - Phenomenology},
	Month = {Jan},
	Number = {4},
	Pages = {041302},
	Primaryclass = {astro-ph.CO},
	Title = {{Dark Matter Halos as Particle Colliders: Unified Solution to Small-Scale Structure Puzzles from Dwarfs to Clusters}},
	Volume = {116},
	Year = {2016},
	Bdsk-Url-1 = {https://doi.org/10.1103/PhysRevLett.116.041302}}

@article{1512.05349,
	Adsnote = {Provided by the SAO/NASA Astrophysics Data System},
	Adsurl = {https://ui.adsabs.harvard.edu/abs/2016MNRAS.460.1399V},
	Archiveprefix = {arXiv},
	Author = {{Vogelsberger}, Mark and {Zavala}, Jes{\'u}s and {Cyr-Racine}, Francis-Yan and {Pfrommer}, Christoph and {Bringmann}, Torsten and {Sigurdson}, Kris},
	Doi = {10.1093/mnras/stw1076},
	Eprint = {1512.05349},
	Journal = {\mnras},
	Keywords = {methods: numerical, galaxies: haloes, dark matter, Astrophysics - Cosmology and Nongalactic Astrophysics, Astrophysics - Astrophysics of Galaxies},
	Month = {Aug},
	Number = {2},
	Pages = {1399-1416},
	Primaryclass = {astro-ph.CO},
	Title = {{ETHOS - an effective theory of structure formation: dark matter physics as a possible explanation of the small-scale CDM problems}},
	Volume = {460},
	Year = {2016},
	Bdsk-Url-1 = {https://doi.org/10.1093/mnras/stw1076}}

@article{1601.01388,
	Adsnote = {Provided by the SAO/NASA Astrophysics Data System},
	Adsurl = {https://ui.adsabs.harvard.edu/abs/2016ApJ...823...37H},
	Archiveprefix = {arXiv},
	Author = {{Hezaveh}, Yashar D. and {Dalal}, Neal and {Marrone}, Daniel P. and {Mao}, Yao-Yuan and {Morningstar}, Warren and {Wen}, Di and {Bland ford}, Roger D. and {Carlstrom}, John E. and {Fassnacht}, Christopher D. and {Holder}, Gilbert P.},
	Doi = {10.3847/0004-637X/823/1/37},
	Eid = {37},
	Eprint = {1601.01388},
	Journal = {\apj},
	Keywords = {dark matter, gravitational lensing: strong, Astrophysics - Cosmology and Nongalactic Astrophysics},
	Month = {May},
	Number = {1},
	Pages = {37},
	Primaryclass = {astro-ph.CO},
	Title = {{Detection of Lensing Substructure Using ALMA Observations of the Dusty Galaxy SDP.81}},
	Volume = {823},
	Year = {2016},
	Bdsk-Url-1 = {https://doi.org/10.3847/0004-637X/823/1/37}}

@article{1607.03127,
	Adsnote = {Provided by the SAO/NASA Astrophysics Data System},
	Adsurl = {https://ui.adsabs.harvard.edu/abs/2017MNRAS.467.2019R},
	Archiveprefix = {arXiv},
	Author = {{Read}, J.~I. and {Iorio}, G. and {Agertz}, O. and {Fraternali}, F.},
	Doi = {10.1093/mnras/stx147},
	Eprint = {1607.03127},
	Journal = {\mnras},
	Keywords = {(cosmology:) dark matter, (cosmology:) cosmological parameters, (galaxies:) Local Group, galaxies: dwarf, galaxies: irregular, galaxies: kinematics, galaxies: kinematics and dynamics, Local Group, cosmological parameters, dark matter, Astrophysics - Astrophysics of Galaxies},
	Month = {May},
	Number = {2},
	Pages = {2019-2038},
	Primaryclass = {astro-ph.GA},
	Title = {{The stellar mass-halo mass relation of isolated field dwarfs: a critical test of {\ensuremath{\Lambda}}CDM at the edge of galaxy formation}},
	Volume = {467},
	Year = {2017},
	Bdsk-Url-1 = {https://doi.org/10.1093/mnras/stx147}}

@article{1608.01849,
	Adsnote = {Provided by the SAO/NASA Astrophysics Data System},
	Adsurl = {https://ui.adsabs.harvard.edu/abs/2017MNRAS.465L..59E},
	Archiveprefix = {arXiv},
	Author = {{Errani}, Rapha{\"e}l and {Pe{\~n}arrubia}, Jorge and {Laporte}, Chervin F.~P. and {G{\'o}mez}, Facundo A.},
	Doi = {10.1093/mnrasl/slw211},
	Eprint = {1608.01849},
	Journal = {\mnras},
	Keywords = {methods: numerical, galaxies: dwarf, galaxies: formation, galaxies: haloes, galaxies: structure, dark matter, Astrophysics - Astrophysics of Galaxies},
	Month = {Feb},
	Number = {1},
	Pages = {L59-L63},
	Primaryclass = {astro-ph.GA},
	Title = {{The effect of a disc on the population of cuspy and cored dark matter substructures in Milky Way-like galaxies}},
	Volume = {465},
	Year = {2017},
	Bdsk-Url-1 = {https://doi.org/10.1093/mnrasl/slw211}}

@article{1608.02575,
	Adsnote = {Provided by the SAO/NASA Astrophysics Data System},
	Adsurl = {https://ui.adsabs.harvard.edu/abs/2017MNRAS.465..941D},
	Archiveprefix = {arXiv},
	Author = {{Du}, Xiaolong and {Behrens}, Christoph and {Niemeyer}, Jens C.},
	Doi = {10.1093/mnras/stw2724},
	Eprint = {1608.02575},
	Journal = {\mnras},
	Keywords = {elementary particles, cosmology: theory, dark matter, Astrophysics - Cosmology and Nongalactic Astrophysics, Astrophysics - Astrophysics of Galaxies, General Relativity and Quantum Cosmology, High Energy Physics - Phenomenology},
	Month = {Feb},
	Number = {1},
	Pages = {941-951},
	Primaryclass = {astro-ph.CO},
	Title = {{Substructure of fuzzy dark matter haloes}},
	Volume = {465},
	Year = {2017},
	Bdsk-Url-1 = {https://doi.org/10.1093/mnras/stw2724}}

@article{1611.02281,
	Adsnote = {Provided by the SAO/NASA Astrophysics Data System},
	Adsurl = {https://ui.adsabs.harvard.edu/abs/2017MNRAS.471.3547F},
	Archiveprefix = {arXiv},
	Author = {{Fitts}, Alex and {Boylan-Kolchin}, Michael and {Elbert}, Oliver D. and {Bullock}, James S. and {Hopkins}, Philip F. and {O{\~n}orbe}, Jose and {Wetzel}, Andrew and {Wheeler}, Coral and {Faucher-Gigu{\`e}re}, Claude-Andr{\'e} and {Kere{\v{s}}}, Du{\v{s}}an},
	Doi = {10.1093/mnras/stx1757},
	Eprint = {1611.02281},
	Journal = {\mnras},
	Keywords = {galaxies: dwarf, galaxies: evolution, galaxies: formation, galaxies: star formation, galaxies: structure, dark matter, Astrophysics - Astrophysics of Galaxies, Astrophysics - Cosmology and Nongalactic Astrophysics},
	Month = {Nov},
	Number = {3},
	Pages = {3547-3562},
	Primaryclass = {astro-ph.GA},
	Title = {{fire in the field: simulating the threshold of galaxy formation}},
	Volume = {471},
	Year = {2017},
	Bdsk-Url-1 = {https://doi.org/10.1093/mnras/stx1757}}

@article{1701.03792,
	Adsnote = {Provided by the SAO/NASA Astrophysics Data System},
	Adsurl = {https://ui.adsabs.harvard.edu/abs/2017MNRAS.471.1709G},
	Archiveprefix = {arXiv},
	Author = {{Garrison-Kimmel}, Shea and {Wetzel}, Andrew and {Bullock}, James S. and {Hopkins}, Philip F. and {Boylan-Kolchin}, Michael and {Faucher-Gigu{\`e}re}, Claude-Andr{\'e} and {Kere{\v{s}}}, Du{\v{s}}an and {Quataert}, Eliot and {Sanderson}, Robyn E. and {Graus}, Andrew S.},
	Doi = {10.1093/mnras/stx1710},
	Eprint = {1701.03792},
	Journal = {\mnras},
	Keywords = {galaxies: haloes, Local Group, dark matter, cosmology: theory, Astrophysics - Astrophysics of Galaxies},
	Month = {Oct},
	Number = {2},
	Pages = {1709-1727},
	Primaryclass = {astro-ph.GA},
	Title = {{Not so lumpy after all: modelling the depletion of dark matter subhaloes by Milky Way-like galaxies}},
	Volume = {471},
	Year = {2017},
	Bdsk-Url-1 = {https://doi.org/10.1093/mnras/stx1710}}

@article{1702.00009,
	Adsnote = {Provided by the SAO/NASA Astrophysics Data System},
	Adsurl = {https://ui.adsabs.harvard.edu/abs/2017JCAP...05..037B},
	Archiveprefix = {arXiv},
	Author = {{Birrer}, Simon and {Amara}, Adam and {Refregier}, Alexandre},
	Doi = {10.1088/1475-7516/2017/05/037},
	Eid = {037},
	Eprint = {1702.00009},
	Journal = {Journal of Cosmology and Astro-Particle Physics},
	Keywords = {Astrophysics - Cosmology and Nongalactic Astrophysics, High Energy Physics - Experiment},
	Month = {May},
	Number = {5},
	Pages = {037},
	Primaryclass = {astro-ph.CO},
	Title = {{Lensing substructure quantification in RXJ1131-1231: a 2 keV lower bound on dark matter thermal relic mass}},
	Volume = {2017},
	Year = {2017},
	Bdsk-Url-1 = {https://doi.org/10.1088/1475-7516/2017/05/037}}

@article{1702.05482,
	Adsnote = {Provided by the SAO/NASA Astrophysics Data System},
	Adsurl = {https://ui.adsabs.harvard.edu/abs/2017JCAP...08..021A},
	Archiveprefix = {arXiv},
	Author = {{Agrawal}, Prateek and {Cyr-Racine}, Francis-Yan and {Randall}, Lisa and {Scholtz}, Jakub},
	Doi = {10.1088/1475-7516/2017/08/021},
	Eid = {021},
	Eprint = {1702.05482},
	Journal = {Journal of Cosmology and Astro-Particle Physics},
	Keywords = {Astrophysics - Cosmology and Nongalactic Astrophysics, High Energy Physics - Phenomenology},
	Month = {Aug},
	Number = {8},
	Pages = {021},
	Primaryclass = {astro-ph.CO},
	Title = {{Dark catalysis}},
	Volume = {2017},
	Year = {2017},
	Bdsk-Url-1 = {https://doi.org/10.1088/1475-7516/2017/08/021}}

@article{1705.05845,
	Adsnote = {Provided by the SAO/NASA Astrophysics Data System},
	Adsurl = {https://ui.adsabs.harvard.edu/abs/2017MNRAS.471.4559M},
	Archiveprefix = {arXiv},
	Author = {{Mocz}, Philip and {Vogelsberger}, Mark and {Robles}, Victor H. and {Zavala}, Jes{\'u}s and {Boylan-Kolchin}, Michael and {Fialkov}, Anastasia and {Hernquist}, Lars},
	Doi = {10.1093/mnras/stx1887},
	Eprint = {1705.05845},
	Journal = {\mnras},
	Keywords = {methods: numerical, galaxies: haloes, dark matter, Astrophysics - Cosmology and Nongalactic Astrophysics},
	Month = {Nov},
	Number = {4},
	Pages = {4559-4570},
	Primaryclass = {astro-ph.CO},
	Title = {{Galaxy formation with BECDM - I. Turbulence and relaxation of idealized haloes}},
	Volume = {471},
	Year = {2017},
	Bdsk-Url-1 = {https://doi.org/10.1093/mnras/stx1887}}

@article{1706.04195,
	Adsnote = {Provided by the SAO/NASA Astrophysics Data System},
	Adsurl = {https://ui.adsabs.harvard.edu/abs/2017JCAP...12..019A},
	Archiveprefix = {arXiv},
	Author = {{Agrawal}, Prateek and {Randall}, Lisa},
	Doi = {10.1088/1475-7516/2017/12/019},
	Eid = {019},
	Eprint = {1706.04195},
	Journal = {Journal of Cosmology and Astro-Particle Physics},
	Keywords = {High Energy Physics - Phenomenology, Astrophysics - Astrophysics of Galaxies, Astrophysics - High Energy Astrophysical Phenomena},
	Month = {Dec},
	Number = {12},
	Pages = {019},
	Primaryclass = {hep-ph},
	Title = {{Point sources from dissipative dark matter}},
	Volume = {2017},
	Year = {2017},
	Bdsk-Url-1 = {https://doi.org/10.1088/1475-7516/2017/12/019}}

@article{1706.06111,
	Adsnote = {Provided by the SAO/NASA Astrophysics Data System},
	Adsurl = {https://ui.adsabs.harvard.edu/abs/2018ApJ...854..141D},
	Archiveprefix = {arXiv},
	Author = {{Daylan}, Tansu and {Cyr-Racine}, Francis-Yan and {Diaz Rivero}, Ana and {Dvorkin}, Cora and {Finkbeiner}, Douglas P.},
	Doi = {10.3847/1538-4357/aaaa1e},
	Eid = {141},
	Eprint = {1706.06111},
	Journal = {\apj},
	Keywords = {dark matter, gravitational lensing: strong, methods: data analysis, Astrophysics - Cosmology and Nongalactic Astrophysics, Astrophysics - Instrumentation and Methods for Astrophysics, High Energy Physics - Phenomenology},
	Month = {Feb},
	Number = {2},
	Pages = {141},
	Primaryclass = {astro-ph.CO},
	Title = {{Probing the Small-scale Structure in Strongly Lensed Systems via Transdimensional Inference}},
	Volume = {854},
	Year = {2018},
	Bdsk-Url-1 = {https://doi.org/10.3847/1538-4357/aaaa1e}}

@article{1707.03829,
	Adsnote = {Provided by the SAO/NASA Astrophysics Data System},
	Adsurl = {https://ui.adsabs.harvard.edu/abs/2018PhRvL.120e1102B},
	Archiveprefix = {arXiv},
	Author = {{Buckley}, Matthew R. and {DiFranzo}, Anthony},
	Doi = {10.1103/PhysRevLett.120.051102},
	Eid = {051102},
	Eprint = {1707.03829},
	Journal = {\prl},
	Keywords = {High Energy Physics - Phenomenology, Astrophysics - Cosmology and Nongalactic Astrophysics},
	Month = {Feb},
	Number = {5},
	Pages = {051102},
	Primaryclass = {hep-ph},
	Title = {{Collapsed Dark Matter Structures}},
	Volume = {120},
	Year = {2018},
	Bdsk-Url-1 = {https://doi.org/10.1103/PhysRevLett.120.051102}}

@article{1707.04590,
	Adsnote = {Provided by the SAO/NASA Astrophysics Data System},
	Adsurl = {https://ui.adsabs.harvard.edu/abs/2018PhRvD..97b3001D},
	Archiveprefix = {arXiv},
	Author = {{Diaz Rivero}, Ana and {Cyr-Racine}, Francis-Yan and {Dvorkin}, Cora},
	Doi = {10.1103/PhysRevD.97.023001},
	Eid = {023001},
	Eprint = {1707.04590},
	Journal = {\prd},
	Keywords = {Astrophysics - Cosmology and Nongalactic Astrophysics, High Energy Physics - Phenomenology},
	Month = {Jan},
	Number = {2},
	Pages = {023001},
	Primaryclass = {astro-ph.CO},
	Title = {{Power spectrum of dark matter substructure in strong gravitational lenses}},
	Volume = {97},
	Year = {2018},
	Bdsk-Url-1 = {https://doi.org/10.1103/PhysRevD.97.023001}}

@article{1710.03075,
	Adsnote = {Provided by the SAO/NASA Astrophysics Data System},
	Adsurl = {https://ui.adsabs.harvard.edu/abs/2018MNRAS.474.1762C},
	Archiveprefix = {arXiv},
	Author = {{Chatterjee}, Saikat and {Koopmans}, L{\'e}on V.~E.},
	Doi = {10.1093/mnras/stx2674},
	Eprint = {1710.03075},
	Journal = {\mnras},
	Keywords = {gravitational lensing: strong, galaxies: elliptical and lenticular, cD, dark matter, Astrophysics - Cosmology and Nongalactic Astrophysics, Astrophysics - Astrophysics of Galaxies},
	Month = {Feb},
	Number = {2},
	Pages = {1762-1772},
	Primaryclass = {astro-ph.CO},
	Title = {{The inner mass power spectrum of galaxies using strong gravitational lensing: beyond linear approximation}},
	Volume = {474},
	Year = {2018},
	Bdsk-Url-1 = {https://doi.org/10.1093/mnras/stx2674}}

@article{1711.03554,
	Adsnote = {Provided by the SAO/NASA Astrophysics Data System},
	Adsurl = {https://ui.adsabs.harvard.edu/abs/2018PhRvL.120u1101B},
	Archiveprefix = {arXiv},
	Author = {{Buschmann}, Malte and {Kopp}, Joachim and {Safdi}, Benjamin R. and {Wu}, Chih-Liang},
	Doi = {10.1103/PhysRevLett.120.211101},
	Eid = {211101},
	Eprint = {1711.03554},
	Journal = {\prl},
	Keywords = {Astrophysics - Astrophysics of Galaxies, High Energy Physics - Phenomenology},
	Month = {May},
	Number = {21},
	Pages = {211101},
	Primaryclass = {astro-ph.GA},
	Title = {{Stellar Wakes from Dark Matter Subhalos}},
	Volume = {120},
	Year = {2018},
	Bdsk-Url-1 = {https://doi.org/10.1103/PhysRevLett.120.211101}}

@article{1804.03097,
	Adsnote = {Provided by the SAO/NASA Astrophysics Data System},
	Adsurl = {https://ui.adsabs.harvard.edu/abs/2018ARA&A..56..435W},
	Archiveprefix = {arXiv},
	Author = {{Wechsler}, Risa H. and {Tinker}, Jeremy L.},
	Doi = {10.1146/annurev-astro-081817-051756},
	Eprint = {1804.03097},
	Journal = {\araa},
	Keywords = {Astrophysics - Astrophysics of Galaxies, Astrophysics - Cosmology and Nongalactic Astrophysics},
	Month = {Sep},
	Pages = {435-487},
	Primaryclass = {astro-ph.GA},
	Title = {{The Connection Between Galaxies and Their Dark Matter Halos}},
	Volume = {56},
	Year = {2018},
	Bdsk-Url-1 = {https://doi.org/10.1146/annurev-astro-081817-051756}}

@article{1804.06854,
	Adsnote = {Provided by the SAO/NASA Astrophysics Data System},
	Adsurl = {https://ui.adsabs.harvard.edu/abs/2018ApJ...867..101B},
	Archiveprefix = {arXiv},
	Author = {{Bonaca}, Ana and {Hogg}, David W.},
	Doi = {10.3847/1538-4357/aae4da},
	Eid = {101},
	Eprint = {1804.06854},
	Journal = {\apj},
	Keywords = {dark matter, Galaxy: halo, Galaxy: kinematics and dynamics, methods: statistical, Astrophysics - Astrophysics of Galaxies},
	Month = {Nov},
	Number = {2},
	Pages = {101},
	Primaryclass = {astro-ph.GA},
	Title = {{The Information Content in Cold Stellar Streams}},
	Volume = {867},
	Year = {2018},
	Bdsk-Url-1 = {https://doi.org/10.3847/1538-4357/aae4da}}

@article{1805.03203,
	Adsnote = {Provided by the SAO/NASA Astrophysics Data System},
	Adsurl = {https://ui.adsabs.harvard.edu/abs/2019MNRAS.484.5437V},
	Archiveprefix = {arXiv},
	Author = {{Vogelsberger}, Mark and {Zavala}, Jes{\'u}s and {Schutz}, Katelin and {Slatyer}, Tracy R.},
	Doi = {10.1093/mnras/stz340},
	Eprint = {1805.03203},
	Journal = {\mnras},
	Keywords = {methods: numerical, galaxies: haloes, dark matter, Astrophysics - Astrophysics of Galaxies, High Energy Physics - Phenomenology},
	Month = {Apr},
	Number = {4},
	Pages = {5437-5452},
	Primaryclass = {astro-ph.GA},
	Title = {{Evaporating the Milky Way halo and its satellites with inelastic self-interacting dark matter}},
	Volume = {484},
	Year = {2019},
	Bdsk-Url-1 = {https://doi.org/10.1093/mnras/stz340}}

@article{1806.07897,
	Adsnote = {Provided by the SAO/NASA Astrophysics Data System},
	Adsurl = {https://ui.adsabs.harvard.edu/abs/2018arXiv180607897C},
	Archiveprefix = {arXiv},
	Author = {{Cyr-Racine}, Francis-Yan and {Keeton}, Charles R. and {Moustakas}, Leonidas A.},
	Eid = {arXiv:1806.07897},
	Eprint = {1806.07897},
	Journal = {arXiv e-prints},
	Keywords = {Astrophysics - Cosmology and Nongalactic Astrophysics, High Energy Physics - Phenomenology},
	Month = {Jun},
	Pages = {arXiv:1806.07897},
	Primaryclass = {astro-ph.CO},
	Title = {{Beyond subhalos: Probing the collective effect of the Universe's small-scale structure with gravitational lensing}},
	Year = {2018}}

@article{1808.03501,
	Adsnote = {Provided by the SAO/NASA Astrophysics Data System},
	Adsurl = {https://ui.adsabs.harvard.edu/abs/2018arXiv180803501B},
	Archiveprefix = {arXiv},
	Author = {{Brennan}, Sean and {Benson}, Andrew J. and {Cyr-Racine}, Francis-Yan and {Keeton}, Charles R. and {Moustakas}, Leonidas A. and {Pullen}, Anthony R.},
	Eid = {arXiv:1808.03501},
	Eprint = {1808.03501},
	Journal = {arXiv e-prints},
	Keywords = {Astrophysics - Astrophysics of Galaxies, Astrophysics - Cosmology and Nongalactic Astrophysics},
	Month = {Aug},
	Pages = {arXiv:1808.03501},
	Primaryclass = {astro-ph.GA},
	Title = {{Quantifying the power spectrum of small-scale structure in semi-analytic galaxies}},
	Year = {2018}}

@article{1809.00004,
	Adsnote = {Provided by the SAO/NASA Astrophysics Data System},
	Adsurl = {https://ui.adsabs.harvard.edu/abs/2018PhRvD..98j3517D},
	Archiveprefix = {arXiv},
	Author = {{D{\'\i}az Rivero}, Ana and {Dvorkin}, Cora and {Cyr-Racine}, Francis-Yan and {Zavala}, Jes{\'u}s and {Vogelsberger}, Mark},
	Doi = {10.1103/PhysRevD.98.103517},
	Eid = {103517},
	Eprint = {1809.00004},
	Journal = {\prd},
	Keywords = {Astrophysics - Cosmology and Nongalactic Astrophysics, High Energy Physics - Phenomenology},
	Month = {Nov},
	Number = {10},
	Pages = {103517},
	Primaryclass = {astro-ph.CO},
	Title = {{Gravitational lensing and the power spectrum of dark matter substructure: Insights from the ETHOS N -body simulations}},
	Volume = {98},
	Year = {2018},
	Bdsk-Url-1 = {https://doi.org/10.1103/PhysRevD.98.103517}}

@article{1811.03631,
	Adsnote = {Provided by the SAO/NASA Astrophysics Data System},
	Adsurl = {https://ui.adsabs.harvard.edu/abs/2018arXiv181103631B},
	Archiveprefix = {arXiv},
	Author = {{Bonaca}, Ana and {Hogg}, David W. and {Price-Whelan}, Adrian M. and {Conroy}, Charlie},
	Eid = {arXiv:1811.03631},
	Eprint = {1811.03631},
	Journal = {arXiv e-prints},
	Keywords = {Astrophysics - Astrophysics of Galaxies, Astrophysics - Cosmology and Nongalactic Astrophysics, High Energy Physics - Phenomenology},
	Month = {Nov},
	Pages = {arXiv:1811.03631},
	Primaryclass = {astro-ph.GA},
	Title = {{The Spur and the Gap in GD-1: Dynamical evidence for a dark substructure in the Milky Way halo}},
	Year = {2018}}

@article{1811.11791,
	Adsnote = {Provided by the SAO/NASA Astrophysics Data System},
	Adsurl = {https://ui.adsabs.harvard.edu/abs/2018arXiv181111791F},
	Archiveprefix = {arXiv},
	Author = {{Fitts}, Alex and {Boylan-Kolchin}, Michael and {Bozek}, Brandon and {Bullock}, James S. and {Graus}, Andrew and {Robles}, Victor and {Hopkins}, Philip F. and {El-Badry}, Kareem and {Garrison-Kimmel}, Shea and {Faucher-Gigu{\`e}re}, Claude-Andr{\'e}},
	Eid = {arXiv:1811.11791},
	Eprint = {1811.11791},
	Journal = {arXiv e-prints},
	Keywords = {Astrophysics - Astrophysics of Galaxies, Astrophysics - Cosmology and Nongalactic Astrophysics},
	Month = {Nov},
	Pages = {arXiv:1811.11791},
	Primaryclass = {astro-ph.GA},
	Title = {{Dwarf Galaxies in CDM, WDM, and SIDM: Disentangling Baryons and Dark Matter Physics}},
	Year = {2018}}

@article{1812.00044,
	Adsnote = {Provided by the SAO/NASA Astrophysics Data System},
	Adsurl = {https://ui.adsabs.harvard.edu/abs/2018arXiv181200044B},
	Archiveprefix = {arXiv},
	Author = {{Brooks}, Alyson M.},
	Eid = {arXiv:1812.00044},
	Eprint = {1812.00044},
	Journal = {arXiv e-prints},
	Keywords = {Astrophysics - Cosmology and Nongalactic Astrophysics},
	Month = {Nov},
	Pages = {arXiv:1812.00044},
	Primaryclass = {astro-ph.CO},
	Title = {{Understanding Dwarf Galaxies in order to Understand Dark Matter}},
	Year = {2018}}

@article{1904.10539,
	Adsnote = {Provided by the SAO/NASA Astrophysics Data System},
	Adsurl = {https://ui.adsabs.harvard.edu/abs/2019arXiv190410539K},
	Archiveprefix = {arXiv},
	Author = {{Kahlhoefer}, Felix and {Kaplinghat}, Manoj and {Slatyer}, Tracy R. and {Wu}, Chih-Liang},
	Eid = {arXiv:1904.10539},
	Eprint = {1904.10539},
	Journal = {arXiv e-prints},
	Keywords = {Astrophysics - Astrophysics of Galaxies, Astrophysics - Cosmology and Nongalactic Astrophysics, High Energy Physics - Phenomenology},
	Month = {Apr},
	Pages = {arXiv:1904.10539},
	Primaryclass = {astro-ph.GA},
	Title = {{Diversity in density profiles of self-interacting dark matter satellite halos}},
	Year = {2019}}

@article{1905.04182,
	Adsnote = {Provided by the SAO/NASA Astrophysics Data System},
	Adsurl = {https://ui.adsabs.harvard.edu/abs/2019arXiv190504182H},
	Archiveprefix = {arXiv},
	Author = {{Hsueh}, Jen-Wei and {Enzi}, Wolfgang and {Vegetti}, Simona and {Auger}, Matt and {Fassnacht}, Christopher D. and {Despali}, Giulia and {Koopmans}, Leon V.~E. and {McKean}, John P.},
	Eid = {arXiv:1905.04182},
	Eprint = {1905.04182},
	Journal = {arXiv e-prints},
	Keywords = {Astrophysics - Cosmology and Nongalactic Astrophysics, Astrophysics - Astrophysics of Galaxies},
	Month = {May},
	Pages = {arXiv:1905.04182},
	Primaryclass = {astro-ph.CO},
	Title = {{SHARP -- VII. New constraints on warm dark matter free-streaming properties and substructure abundance from flux-ratio anomalous lensed quasars}},
	Year = {2019}}

@article{1983ApJ...274..443B,
	Adsnote = {Provided by the SAO/NASA Astrophysics Data System},
	Adsurl = {https://ui.adsabs.harvard.edu/abs/1983ApJ...274..443B},
	Author = {{Bond}, J.~R. and {Szalay}, A.~S.},
	Doi = {10.1086/161460},
	Journal = {\apj},
	Keywords = {Cosmology, Elementary Particles, Mass Distribution, Particle Theory, Relativistic Theory, Universe, Damping, Evolution (Development), Neutrinos, Perturbation Theory, Astrophysics},
	Month = {Nov},
	Pages = {443-468},
	Title = {{The collisionless damping of density fluctuations in an expanding universe}},
	Volume = {274},
	Year = {1983},
	Bdsk-Url-1 = {https://doi.org/10.1086/161460}}

@article{1992MNRAS.256P..43E,
	Adsnote = {Provided by the SAO/NASA Astrophysics Data System},
	Adsurl = {https://ui.adsabs.harvard.edu/abs/1992MNRAS.256P..43E},
	Author = {{Efstathiou}, G.},
	Doi = {10.1093/mnras/256.1.43P},
	Journal = {\mnras},
	Keywords = {Cosmic Plasma, Cosmology, Diffuse Radiation, Dwarf Galaxies, Galactic Evolution, Photoionization, Quasars, Helium Plasma, Hydrogen Plasma, Plasma Cooling, Red Shift, Supernovae, Universe, Astrophysics},
	Month = {May},
	Number = {2},
	Pages = {43P-47P},
	Title = {{Suppressing the formation of dwarf galaxies via photoionization}},
	Volume = {256},
	Year = {1992},
	Bdsk-Url-1 = {https://doi.org/10.1093/mnras/256.1.43P}}

@article{2001ApJ...556...93B,
	Adsnote = {Provided by the SAO/NASA Astrophysics Data System},
	Adsurl = {https://ui.adsabs.harvard.edu/abs/2001ApJ...556...93B},
	Archiveprefix = {arXiv},
	Author = {{Bode}, Paul and {Ostriker}, Jeremiah P. and {Turok}, Neil},
	Doi = {10.1086/321541},
	Eprint = {astro-ph/0010389},
	Journal = {\apj},
	Keywords = {Cosmology: Theory, Cosmology: Dark Matter, Galaxies: Formation, Galaxies: Halos, Methods: Numerical, Astrophysics},
	Month = {Jul},
	Number = {1},
	Pages = {93-107},
	Primaryclass = {astro-ph},
	Title = {{Halo Formation in Warm Dark Matter Models}},
	Volume = {556},
	Year = {2001},
	Bdsk-Url-1 = {https://doi.org/10.1086/321541}}

@article{2005ApJ...622..759G,
	Adsnote = {Provided by the SAO/NASA Astrophysics Data System},
	Adsurl = {http://adsabs.harvard.edu/abs/2005ApJ...622..759G},
	Author = {{G{\'o}rski}, K.~M. and {Hivon}, E. and {Banday}, A.~J. and {Wandelt}, B.~D. and {Hansen}, F.~K. and {Reinecke}, M. and {Bartelmann}, M.},
	Date-Added = {2019-03-12 19:37:33 -0400},
	Date-Modified = {2019-03-12 19:37:33 -0400},
	Doi = {10.1086/427976},
	Eprint = {arXiv:astro-ph/0409513},
	Journal = {\apj},
	Keywords = {Cosmology: Cosmic Microwave Background, Cosmology: Observations, Methods: Statistical},
	Month = {April},
	Pages = {759-771},
	Title = {{HEALPix: A Framework for High-Resolution Discretization and Fast Analysis of Data Distributed on the Sphere}},
	Volume = {622},
	Year = {2005},
	Bdsk-Url-1 = {https://doi.org/10.1086/427976}}

@book{2008gady.book.....B,
	Adsnote = {Provided by the SAO/NASA Astrophysics Data System},
	Adsurl = {http://adsabs.harvard.edu/abs/2008gady.book.....B},
	Author = {{Binney}, J. and {Tremaine}, S.},
	Booktitle = {Galactic Dynamics: Second Edition, by James Binney and Scott Tremaine.~ISBN 978-0-691-13026-2 (HB).~Published by Princeton University Press, Princeton, NJ USA, 2008.},
	Date-Added = {2019-05-16 17:15:45 -0400},
	Date-Modified = {2019-05-16 17:15:45 -0400},
	Publisher = {Princeton University Press},
	Title = {{Galactic Dynamics: Second Edition}},
	Year = {2008}}

@article{2013A&A...558A..33A,
	Adsnote = {Provided by the SAO/NASA Astrophysics Data System},
	Adsurl = {http://adsabs.harvard.edu/abs/2013A%26A...558A..33A},
	Archiveprefix = {arXiv},
	Author = {{Astropy Collaboration} and {Robitaille}, T.~P. and {Tollerud}, E.~J. and {Greenfield}, P. and {Droettboom}, M. and {Bray}, E. and {Aldcroft}, T. and {Davis}, M. and {Ginsburg}, A. and {Price-Whelan}, A.~M. and {Kerzendorf}, W.~E. and {Conley}, A. and {Crighton}, N. and {Barbary}, K. and {Muna}, D. and {Ferguson}, H. and {Grollier}, F. and {Parikh}, M.~M. and {Nair}, P.~H. and {Unther}, H.~M. and {Deil}, C. and {Woillez}, J. and {Conseil}, S. and {Kramer}, R. and {Turner}, J.~E.~H. and {Singer}, L. and {Fox}, R. and {Weaver}, B.~A. and {Zabalza}, V. and {Edwards}, Z.~I. and {Azalee Bostroem}, K. and {Burke}, D.~J. and {Casey}, A.~R. and {Crawford}, S.~M. and {Dencheva}, N. and {Ely}, J. and {Jenness}, T. and {Labrie}, K. and {Lim}, P.~L. and {Pierfederici}, F. and {Pontzen}, A. and {Ptak}, A. and {Refsdal}, B. and {Servillat}, M. and {Streicher}, O.},
	Date-Added = {2019-03-12 19:51:54 -0400},
	Date-Modified = {2019-03-12 19:51:54 -0400},
	Doi = {10.1051/0004-6361/201322068},
	Eid = {A33},
	Eprint = {1307.6212},
	Journal = {AAP},
	Keywords = {methods: data analysis, methods: miscellaneous, virtual observatory tools},
	Month = {October},
	Pages = {A33},
	Primaryclass = {astro-ph.IM},
	Title = {{Astropy: A community Python package for astronomy}},
	Volume = {558},
	Year = {2013},
	Bdsk-Url-1 = {http://dx.doi.org/10.1051/0004-6361/201322068}}

@article{2017ApJ...834..110A,
	Adsnote = {Provided by the SAO/NASA Astrophysics Data System},
	Adsurl = {https://ui.adsabs.harvard.edu/abs/2017ApJ...834..110A},
	Archiveprefix = {arXiv},
	Author = {{Albert}, A. and {Anderson}, B. and {Bechtol}, K. and {Drlica-Wagner}, A. and {Meyer}, M. and {S{\'a}nchez-Conde}, M. and {Strigari}, L. and {Wood}, M. and {Abbott}, T.~M.~C. and {Abdalla}, F.~B.},
	Doi = {10.3847/1538-4357/834/2/110},
	Eid = {110},
	Eprint = {1611.03184},
	Journal = {\apj},
	Keywords = {dark matter, galaxies: dwarf, gamma rays: galaxies, Astrophysics - High Energy Astrophysical Phenomena},
	Month = {Jan},
	Number = {2},
	Pages = {110},
	Primaryclass = {astro-ph.HE},
	Title = {{Searching for Dark Matter Annihilation in Recently Discovered Milky Way Satellites with Fermi-Lat}},
	Volume = {834},
	Year = {2017},
	Bdsk-Url-1 = {https://doi.org/10.3847/1538-4357/834/2/110}}

@article{2017PhLB..769..520S,
	Adsnote = {Provided by the SAO/NASA Astrophysics Data System},
	Adsurl = {https://ui.adsabs.harvard.edu/abs/2017PhLB..769..520S},
	Archiveprefix = {arXiv},
	Author = {{Sirunyan}, A.~M. and {Tumasyan}, A. and {Adam}, W. and {Asilar}, E. and {Bergauer}, T. and {Brandstetter}, J. and {Brondolin}, E. and {Dragicevic}, M. and {Er{\"o}}, J. and {Flechl}, M.},
	Doi = {10.1016/j.physletb.2017.02.012},
	Eprint = {1611.03568},
	Journal = {Physics Letters B},
	Keywords = {CMS, Physics, Search, Exotica, Dijet, Resonance, High Energy Physics - Experiment},
	Month = {Jun},
	Pages = {520-542},
	Primaryclass = {hep-ex},
	Title = {{Search for dijet resonances in proton-proton collisions at {\ensuremath{\sqrt{}}}\{ s\} = 13TeV and constraints on dark matter and other models}},
	Volume = {769},
	Year = {2017},
	Bdsk-Url-1 = {https://doi.org/10.1016/j.physletb.2017.02.012}}

@article{2017PhRvD..95d3541H,
	Adsnote = {Provided by the SAO/NASA Astrophysics Data System},
	Adsurl = {https://ui.adsabs.harvard.edu/abs/2017PhRvD..95d3541H},
	Archiveprefix = {arXiv},
	Author = {{Hui}, Lam and {Ostriker}, Jeremiah P. and {Tremaine}, Scott and {Witten}, Edward},
	Doi = {10.1103/PhysRevD.95.043541},
	Eid = {043541},
	Eprint = {1610.08297},
	Journal = {\prd},
	Keywords = {Astrophysics - Cosmology and Nongalactic Astrophysics, Astrophysics - Astrophysics of Galaxies, High Energy Physics - Phenomenology, High Energy Physics - Theory},
	Month = {Feb},
	Number = {4},
	Pages = {043541},
	Primaryclass = {astro-ph.CO},
	Title = {{Ultralight scalars as cosmological dark matter}},
	Volume = {95},
	Year = {2017},
	Bdsk-Url-1 = {https://doi.org/10.1103/PhysRevD.95.043541}}

@article{2017PhRvL.118b1303A,
	Adsnote = {Provided by the SAO/NASA Astrophysics Data System},
	Adsurl = {https://ui.adsabs.harvard.edu/abs/2017PhRvL.118b1303A},
	Archiveprefix = {arXiv},
	Author = {{Akerib}, D.~S. and {Alsum}, S. and {Ara{\'u}jo}, H.~M. and {Bai}, X. and {Bailey}, A.~J. and {Balajthy}, J. and {Beltrame}, P. and {Bernard}, E.~P. and {Bernstein}, A. and {Biesiadzinski}, T.~P.},
	Doi = {10.1103/PhysRevLett.118.021303},
	Eid = {021303},
	Eprint = {1608.07648},
	Journal = {\prl},
	Keywords = {Astrophysics - Cosmology and Nongalactic Astrophysics, Astrophysics - Instrumentation and Methods for Astrophysics, High Energy Physics - Experiment, Physics - Instrumentation and Detectors},
	Month = {Jan},
	Number = {2},
	Pages = {021303},
	Primaryclass = {astro-ph.CO},
	Title = {{Results from a Search for Dark Matter in the Complete LUX Exposure}},
	Volume = {118},
	Year = {2017},
	Bdsk-Url-1 = {https://doi.org/10.1103/PhysRevLett.118.021303}}

@article{2017PhRvL.119r1302C,
	Adsnote = {Provided by the SAO/NASA Astrophysics Data System},
	Adsurl = {https://ui.adsabs.harvard.edu/abs/2017PhRvL.119r1302C},
	Author = {{Cui}, Xiangyi and {Abdukerim}, Abdusalam and {Chen}, Wei and {Chen}, Xun and {Chen}, Yunhua and {Dong}, Binbin and {Fang}, Deqing and {Fu}, Changbo and {Giboni}, Karl and {Giuliani}, Franco},
	Doi = {10.1103/PhysRevLett.119.181302},
	Eid = {181302},
	Journal = {\prl},
	Month = {Nov},
	Number = {18},
	Pages = {181302},
	Title = {{Dark Matter Results from 54-Ton-Day Exposure of PandaX-II Experiment}},
	Volume = {119},
	Year = {2017},
	Bdsk-Url-1 = {https://doi.org/10.1103/PhysRevLett.119.181302}}

@article{2018AJ....156..123A,
	Adsnote = {Provided by the SAO/NASA Astrophysics Data System},
	Adsurl = {http://adsabs.harvard.edu/abs/2018AJ....156..123A},
	Archiveprefix = {arXiv},
	Author = {{Astropy Collaboration} and {Price-Whelan}, A.~M. and {Sip{\H o}cz}, B.~M. and {G{\"u}nther}, H.~M. and {Lim}, P.~L. and {Crawford}, S.~M. and {Conseil}, S. and {Shupe}, D.~L. and {Craig}, M.~W. and {Dencheva}, N. and {Ginsburg}, A. and {VanderPlas}, J.~T. and {Bradley}, L.~D. and {P{\'e}rez-Su{\'a}rez}, D. and {de Val-Borro}, M. and {Aldcroft}, T.~L. and {Cruz}, K.~L. and {Robitaille}, T.~P. and {Tollerud}, E.~J. and {Ardelean}, C. and {Babej}, T. and {Bach}, Y.~P. and {Bachetti}, M. and {Bakanov}, A.~V. and {Bamford}, S.~P. and {Barentsen}, G. and {Barmby}, P. and {Baumbach}, A. and {Berry}, K.~L. and {Biscani}, F. and {Boquien}, M. and {Bostroem}, K.~A. and {Bouma}, L.~G. and {Brammer}, G.~B. and {Bray}, E.~M. and {Breytenbach}, H. and {Buddelmeijer}, H. and {Burke}, D.~J. and {Calderone}, G. and {Cano Rodr{\'{\i}}guez}, J.~L. and {Cara}, M. and {Cardoso}, J.~V.~M. and {Cheedella}, S. and {Copin}, Y. and {Corrales}, L. and {Crichton}, D. and {D'Avella}, D. and {Deil}, C. and {Depagne}, {\'E}. and {Dietrich}, J.~P. and {Donath}, A. and {Droettboom}, M. and {Earl}, N. and {Erben}, T. and {Fabbro}, S. and {Ferreira}, L.~A. and {Finethy}, T. and {Fox}, R.~T. and {Garrison}, L.~H. and {Gibbons}, S.~L.~J. and {Goldstein}, D.~A. and {Gommers}, R. and {Greco}, J.~P. and {Greenfield}, P. and {Groener}, A.~M. and {Grollier}, F. and {Hagen}, A. and {Hirst}, P. and {Homeier}, D. and {Horton}, A.~J. and {Hosseinzadeh}, G. and {Hu}, L. and {Hunkeler}, J.~S. and {Ivezi{\'c}}, {\v Z}. and {Jain}, A. and {Jenness}, T. and {Kanarek}, G. and {Kendrew}, S. and {Kern}, N.~S. and {Kerzendorf}, W.~E. and {Khvalko}, A. and {King}, J. and {Kirkby}, D. and {Kulkarni}, A.~M. and {Kumar}, A. and {Lee}, A. and {Lenz}, D. and {Littlefair}, S.~P. and {Ma}, Z. and {Macleod}, D.~M. and {Mastropietro}, M. and {McCully}, C. and {Montagnac}, S. and {Morris}, B.~M. and {Mueller}, M. and {Mumford}, S.~J. and {Muna}, D. and {Murphy}, N.~A. and {Nelson}, S. and {Nguyen}, G.~H. and {Ninan}, J.~P. and {N{\"o}the}, M. and {Ogaz}, S. and {Oh}, S. and {Parejko}, J.~K. and {Parley}, N. and {Pascual}, S. and {Patil}, R. and {Patil}, A.~A. and {Plunkett}, A.~L. and {Prochaska}, J.~X. and {Rastogi}, T. and {Reddy Janga}, V. and {Sabater}, J. and {Sakurikar}, P. and {Seifert}, M. and {Sherbert}, L.~E. and {Sherwood-Taylor}, H. and {Shih}, A.~Y. and {Sick}, J. and {Silbiger}, M.~T. and {Singanamalla}, S. and {Singer}, L.~P. and {Sladen}, P.~H. and {Sooley}, K.~A. and {Sornarajah}, S. and {Streicher}, O. and {Teuben}, P. and {Thomas}, S.~W. and {Tremblay}, G.~R. and {Turner}, J.~E.~H. and {Terr{\'o}n}, V. and {van Kerkwijk}, M.~H. and {de la Vega}, A. and {Watkins}, L.~L. and {Weaver}, B.~A. and {Whitmore}, J.~B. and {Woillez}, J. and {Zabalza}, V. and {Astropy Contributors}},
	Date-Added = {2019-03-12 19:53:11 -0400},
	Date-Modified = {2019-03-12 20:02:42 -0400},
	Doi = {10.3847/1538-3881/aabc4f},
	Eid = {123},
	Eprint = {1801.02634},
	Journal = {\apj},
	Keywords = {methods: data analysis, methods: miscellaneous, methods: statistical, reference systems},
	Month = {September},
	Pages = {123},
	Primaryclass = {astro-ph.IM},
	Title = {The Astropy Project: Building an Open-science Project and Status of the v2.0 Core Package},
	Volume = {156},
	Year = {2018},
	Bdsk-Url-1 = {https://doi.org/10.3847/1538-3881/aabc4f}}

@article{2018PhRvD..98l3004C,
	Adsnote = {Provided by the SAO/NASA Astrophysics Data System},
	Adsurl = {https://ui.adsabs.harvard.edu/abs/2018PhRvD..98l3004C},
	Archiveprefix = {arXiv},
	Author = {{Chang}, Laura J. and {Lisanti}, Mariangela and {Mishra-Sharma}, Siddharth},
	Doi = {10.1103/PhysRevD.98.123004},
	Eid = {123004},
	Eprint = {1804.04132},
	Journal = {\prd},
	Keywords = {Astrophysics - Cosmology and Nongalactic Astrophysics, Astrophysics - High Energy Astrophysical Phenomena, High Energy Physics - Phenomenology},
	Month = {Dec},
	Number = {12},
	Pages = {123004},
	Primaryclass = {astro-ph.CO},
	Title = {{Search for dark matter annihilation in the Milky Way halo}},
	Volume = {98},
	Year = {2018},
	Bdsk-Url-1 = {https://doi.org/10.1103/PhysRevD.98.123004}}

@article{2018PhRvL.120j1101L,
	Adsnote = {Provided by the SAO/NASA Astrophysics Data System},
	Adsurl = {https://ui.adsabs.harvard.edu/abs/2018PhRvL.120j1101L},
	Archiveprefix = {arXiv},
	Author = {{Lisanti}, Mariangela and {Mishra-Sharma}, Siddharth and {Rodd}, Nicholas L. and {Safdi}, Benjamin R.},
	Doi = {10.1103/PhysRevLett.120.101101},
	Eid = {101101},
	Eprint = {1708.09385},
	Journal = {\prl},
	Keywords = {Astrophysics - Cosmology and Nongalactic Astrophysics, Astrophysics - High Energy Astrophysical Phenomena, High Energy Physics - Phenomenology},
	Month = {Mar},
	Number = {10},
	Pages = {101101},
	Primaryclass = {astro-ph.CO},
	Title = {{Search for Dark Matter Annihilation in Galaxy Groups}},
	Volume = {120},
	Year = {2018},
	Bdsk-Url-1 = {https://doi.org/10.1103/PhysRevLett.120.101101}}

@article{2018PhRvL.121k1302A,
	Adsnote = {Provided by the SAO/NASA Astrophysics Data System},
	Adsurl = {https://ui.adsabs.harvard.edu/abs/2018PhRvL.121k1302A},
	Archiveprefix = {arXiv},
	Author = {{Aprile}, E. and {Aalbers}, J. and {Agostini}, F. and {Alfonsi}, M. and {Althueser}, L. and {Amaro}, F.~D. and {Anthony}, M. and {Arneodo}, F. and {Baudis}, L. and {Bauermeister}, B.},
	Doi = {10.1103/PhysRevLett.121.111302},
	Eid = {111302},
	Eprint = {1805.12562},
	Journal = {\prl},
	Keywords = {Astrophysics - Cosmology and Nongalactic Astrophysics, Astrophysics - Instrumentation and Methods for Astrophysics, High Energy Physics - Experiment, High Energy Physics - Phenomenology, Physics - Instrumentation and Detectors},
	Month = {Sep},
	Number = {11},
	Pages = {111302},
	Primaryclass = {astro-ph.CO},
	Title = {{Dark Matter Search Results from a One Ton-Year Exposure of XENON1T}},
	Volume = {121},
	Year = {2018},
	Bdsk-Url-1 = {https://doi.org/10.1103/PhysRevLett.121.111302}}

@article{2019ApJ...871...28B,
	Adsnote = {Provided by the SAO/NASA Astrophysics Data System},
	Adsurl = {https://ui.adsabs.harvard.edu/abs/2019ApJ...871...28B},
	Archiveprefix = {arXiv},
	Author = {{Bar-Or}, Ben and {Fouvry}, Jean-Baptiste and {Tremaine}, Scott},
	Doi = {10.3847/1538-4357/aaf28c},
	Eid = {28},
	Eprint = {1809.07673},
	Journal = {\apj},
	Keywords = {dark matter, galaxies: kinematics and dynamics, Astrophysics - Astrophysics of Galaxies},
	Month = {Jan},
	Number = {1},
	Pages = {28},
	Primaryclass = {astro-ph.GA},
	Title = {{Relaxation in a Fuzzy Dark Matter Halo}},
	Volume = {871},
	Year = {2019},
	Bdsk-Url-1 = {https://doi.org/10.3847/1538-4357/aaf28c}}

@article{2019arXiv190201055D,
	Adsnote = {Provided by the SAO/NASA Astrophysics Data System},
	Adsurl = {https://ui.adsabs.harvard.edu/abs/2019arXiv190201055D},
	Archiveprefix = {arXiv},
	Author = {{Drlica-Wagner}, Alex and {Mao}, Yao-Yuan and {Adhikari}, Susmita and {Armstrong}, Robert and {Banerjee}, Arka and {Banik}, Nilanjan and {Bechtol}, Keith and {Bird}, Simeon and {Boddy}, Kimberly K. and {Bonaca}, Ana},
	Eid = {arXiv:1902.01055},
	Eprint = {1902.01055},
	Journal = {arXiv e-prints},
	Keywords = {Astrophysics - Cosmology and Nongalactic Astrophysics, Astrophysics - Astrophysics of Galaxies, Astrophysics - High Energy Astrophysical Phenomena, High Energy Physics - Experiment, High Energy Physics - Phenomenology},
	Month = {Feb},
	Pages = {arXiv:1902.01055},
	Primaryclass = {astro-ph.CO},
	Title = {{Probing the Fundamental Nature of Dark Matter with the Large Synoptic Survey Telescope}},
	Year = {2019}}

@article{2019arXiv190301400A,
	Adsnote = {Provided by the SAO/NASA Astrophysics Data System},
	Adsurl = {https://ui.adsabs.harvard.edu/abs/2019arXiv190301400A},
	Archiveprefix = {arXiv},
	Author = {{ATLAS Collaboration}},
	Eid = {arXiv:1903.01400},
	Eprint = {1903.01400},
	Journal = {arXiv e-prints},
	Keywords = {High Energy Physics - Experiment, High Energy Physics - Phenomenology},
	Month = {Mar},
	Pages = {arXiv:1903.01400},
	Primaryclass = {hep-ex},
	Title = {{Constraints on mediator-based dark matter and scalar dark energy models using $\sqrt{s} = 13$ TeV $pp$ collision data collected by the ATLAS detector}},
	Year = {2019}}

@article{astro-ph/0003365,
	Adsnote = {Provided by the SAO/NASA Astrophysics Data System},
	Adsurl = {https://ui.adsabs.harvard.edu/abs/2000PhRvL..85.1158H},
	Archiveprefix = {arXiv},
	Author = {{Hu}, Wayne and {Barkana}, Rennan and {Gruzinov}, Andrei},
	Doi = {10.1103/PhysRevLett.85.1158},
	Eprint = {astro-ph/0003365},
	Journal = {\prl},
	Keywords = {Astrophysics, High Energy Physics - Phenomenology},
	Month = {Aug},
	Number = {6},
	Pages = {1158-1161},
	Primaryclass = {astro-ph},
	Title = {{Fuzzy Cold Dark Matter: The Wave Properties of Ultralight Particles}},
	Volume = {85},
	Year = {2000},
	Bdsk-Url-1 = {https://doi.org/10.1103/PhysRevLett.85.1158}}

@article{astro-ph/0004381,
	Adsnote = {Provided by the SAO/NASA Astrophysics Data System},
	Adsurl = {https://ui.adsabs.harvard.edu/abs/2001ApJ...561...35D},
	Archiveprefix = {arXiv},
	Author = {{Dalcanton}, Julianne J. and {Hogan}, Craig J.},
	Doi = {10.1086/323207},
	Eprint = {astro-ph/0004381},
	Journal = {\apj},
	Keywords = {Cosmology: Observations, Cosmology: Theory, Cosmology: Dark Matter, Galaxies: Formation, Galaxies: Kinematics and Dynamics, Galaxies: Structure, Astrophysics},
	Month = {Nov},
	Number = {1},
	Pages = {35-45},
	Primaryclass = {astro-ph},
	Title = {{Halo Cores and Phase-Space Densities: Observational Constraints on Dark Matter Physics and Structure Formation}},
	Volume = {561},
	Year = {2001},
	Bdsk-Url-1 = {https://doi.org/10.1086/323207}}

@article{astro-ph/0111456,
	Adsnote = {Provided by the SAO/NASA Astrophysics Data System},
	Adsurl = {https://ui.adsabs.harvard.edu/abs/2002ApJ...572...25D},
	Archiveprefix = {arXiv},
	Author = {{Dalal}, N. and {Kochanek}, C.~S.},
	Doi = {10.1086/340303},
	Eprint = {astro-ph/0111456},
	Journal = {\apj},
	Keywords = {Cosmology: Theory, Cosmology: Dark Matter, Galaxies: Formation, Cosmology: Gravitational Lensing, Cosmology: Large-Scale Structure of Universe, Astrophysics},
	Month = {Jun},
	Number = {1},
	Pages = {25-33},
	Primaryclass = {astro-ph},
	Title = {{Direct Detection of Cold Dark Matter Substructure}},
	Volume = {572},
	Year = {2002},
	Bdsk-Url-1 = {https://doi.org/10.1086/340303}}

@article{astro-ph/9807243,
	Adsnote = {Provided by the SAO/NASA Astrophysics Data System},
	Adsurl = {https://ui.adsabs.harvard.edu/abs/1999ApJ...512L.109J},
	Archiveprefix = {arXiv},
	Author = {{Johnston}, Kathryn V. and {Zhao}, HongSheng and {Spergel}, David N. and {Hernquist}, Lars},
	Doi = {10.1086/311876},
	Eprint = {astro-ph/9807243},
	Journal = {\apj},
	Keywords = {GALAXY: FUNDAMENTAL PARAMETERS, GALAXY: HALO, GALAXY: KINEMATICS AND DYNAMICS, GALAXY: STRUCTURE, Galaxy: Fundamental Parameters, Galaxy: Halo, Galaxy: Kinematics and Dynamics, Galaxy: Structure, Astrophysics},
	Month = {Feb},
	Number = {2},
	Pages = {L109-L112},
	Primaryclass = {astro-ph},
	Title = {{Tidal Streams as Probes of the Galactic Potential}},
	Volume = {512},
	Year = {1999},
	Bdsk-Url-1 = {https://doi.org/10.1086/311876}}

@article{Bartels:2015uba,
	Adsnote = {Provided by the SAO/NASA Astrophysics Data System},
	Adsurl = {https://ui.adsabs.harvard.edu/abs/2015PhRvD..92l3508B},
	Archiveprefix = {arXiv},
	Author = {{Bartels}, Richard and {Ando}, Shin'ichiro},
	Doi = {10.1103/PhysRevD.92.123508},
	Eid = {123508},
	Eprint = {1507.08656},
	Journal = {\prd},
	Keywords = {95.35.+d, 98.62.Gq, 98.70.Rz, Dark matter, Galactic halos, gamma-ray sources, gamma-ray bursts, Astrophysics - Cosmology and Nongalactic Astrophysics},
	Month = {Dec},
	Number = {12},
	Pages = {123508},
	Primaryclass = {astro-ph.CO},
	Title = {{Boosting the annihilation boost: Tidal effects on dark matter subhalos and consistent luminosity modeling}},
	Volume = {92},
	Year = {2015},
	Bdsk-Url-1 = {https://doi.org/10.1103/PhysRevD.92.123508}}

@article{Burkert:1995yz,
	Adsnote = {Provided by the SAO/NASA Astrophysics Data System},
	Adsurl = {https://ui.adsabs.harvard.edu/abs/1995ApJ...447L..25B},
	Archiveprefix = {arXiv},
	Author = {{Burkert}, A.},
	Doi = {10.1086/309560},
	Eprint = {astro-ph/9504041},
	Journal = {\apj},
	Keywords = {COSMOLOGY: DARK MATTER, GALAXIES: SPIRAL, GALAXIES: STRUCTURE, Astrophysics},
	Month = {Jul},
	Pages = {L25-L28},
	Primaryclass = {astro-ph},
	Title = {{The Structure of Dark Matter Halos in Dwarf Galaxies}},
	Volume = {447},
	Year = {1995},
	Bdsk-Url-1 = {https://doi.org/10.1086/309560}}

@article{Correa:2015dva,
	Adsnote = {Provided by the SAO/NASA Astrophysics Data System},
	Adsurl = {https://ui.adsabs.harvard.edu/abs/2015MNRAS.452.1217C},
	Archiveprefix = {arXiv},
	Author = {{Correa}, Camila A. and {Wyithe}, J. Stuart B. and {Schaye}, Joop and {Duffy}, Alan R.},
	Doi = {10.1093/mnras/stv1363},
	Eprint = {1502.00391},
	Journal = {\mnras},
	Keywords = {methods: analytical, methods: numerical, galaxies: haloes, cosmology: theory, Astrophysics - Cosmology and Nongalactic Astrophysics},
	Month = {Sep},
	Number = {2},
	Pages = {1217-1232},
	Primaryclass = {astro-ph.CO},
	Title = {{The accretion history of dark matter haloes - III. A physical model for the concentration-mass relation}},
	Volume = {452},
	Year = {2015},
	Bdsk-Url-1 = {https://doi.org/10.1093/mnras/stv1363}}

@article{dahlen2008spectral,
	Adsnote = {Provided by the SAO/NASA Astrophysics Data System},
	Adsurl = {https://ui.adsabs.harvard.edu/abs/2008GeoJI.174..774D},
	Archiveprefix = {arXiv},
	Author = {{Dahlen}, F.~A. and {Simons}, Frederik J.},
	Doi = {10.1111/j.1365-246X.2008.03854.x},
	Eprint = {0705.3083},
	Journal = {Geophysical Journal International},
	Keywords = {Time series analysis; Fourier analysis; Inverse theory; Spatial analysis, Astrophysics},
	Month = {Sep},
	Number = {3},
	Pages = {774-807},
	Primaryclass = {astro-ph},
	Title = {{Spectral estimation on a sphere in geophysics and cosmology}},
	Volume = {174},
	Year = {2008},
	Bdsk-Url-1 = {https://doi.org/10.1111/j.1365-246X.2008.03854.x}}

@article{Han:2015pua,
	Archiveprefix = {arXiv},
	Author = {Han, Jiaxin and Cole, Shaun and Frenk, Carlos S. and Jing, Yipeng},
	Date-Added = {2019-05-09 15:37:56 -0400},
	Date-Modified = {2019-05-09 15:37:56 -0400},
	Doi = {10.1093/mnras/stv2900},
	Eprint = {1509.02175},
	Journal = {Mon. Not. Roy. Astron. Soc.},
	Number = {2},
	Pages = {1208-1223},
	Primaryclass = {astro-ph.CO},
	Slaccitation = {%%CITATION = ARXIV:1509.02175;%%},
	Title = {{A unified model for the spatial and mass distribution of subhaloes}},
	Volume = {457},
	Year = {2016},
	Bdsk-Url-1 = {https://doi.org/10.1093/mnras/stv2900}}

@article{Hiroshima:2018kfv,
	Adsnote = {Provided by the SAO/NASA Astrophysics Data System},
	Adsurl = {https://ui.adsabs.harvard.edu/abs/2018PhRvD..97l3002H},
	Archiveprefix = {arXiv},
	Author = {{Hiroshima}, Nagisa and {Ando}, Shin'ichiro and {Ishiyama}, Tomoaki},
	Doi = {10.1103/PhysRevD.97.123002},
	Eid = {123002},
	Eprint = {1803.07691},
	Journal = {\prd},
	Keywords = {Astrophysics - Cosmology and Nongalactic Astrophysics, Astrophysics - High Energy Astrophysical Phenomena},
	Month = {Jun},
	Number = {12},
	Pages = {123002},
	Primaryclass = {astro-ph.CO},
	Title = {{Modeling evolution of dark matter substructure and annihilation boost}},
	Volume = {97},
	Year = {2018},
	Bdsk-Url-1 = {https://doi.org/10.1103/PhysRevD.97.123002}}

@article{Hunter:2007,
	Abstract = {Matplotlib is a 2D graphics package used for Python
for application development, interactive scripting, and
publication-quality image generation across user
interfaces and operating systems.},
	Author = {Hunter, J. D.},
	Date-Added = {2019-03-12 19:35:21 -0400},
	Date-Modified = {2019-03-12 19:35:21 -0400},
	Journal = {Computing In Science \& Engineering},
	Number = {3},
	Pages = {90--95},
	Publisher = {IEEE COMPUTER SOC},
	Title = {Matplotlib: A 2D graphics environment},
	Volume = {9},
	Year = {2007}}

@article{Hutten:2016jko,
	Adsnote = {Provided by the SAO/NASA Astrophysics Data System},
	Adsurl = {https://ui.adsabs.harvard.edu/abs/2016JCAP...09..047H},
	Archiveprefix = {arXiv},
	Author = {{H{\"u}tten}, M. and {Combet}, C. and {Maier}, G. and {Maurin}, D.},
	Doi = {10.1088/1475-7516/2016/09/047},
	Eid = {047},
	Eprint = {1606.04898},
	Journal = {Journal of Cosmology and Astro-Particle Physics},
	Keywords = {Astrophysics - High Energy Astrophysical Phenomena, Astrophysics - Cosmology and Nongalactic Astrophysics},
	Month = {Sep},
	Number = {9},
	Pages = {047},
	Primaryclass = {astro-ph.HE},
	Title = {{Dark matter substructure modelling and sensitivity of the Cherenkov Telescope Array to Galactic dark halos}},
	Volume = {2016},
	Year = {2016},
	Bdsk-Url-1 = {https://doi.org/10.1088/1475-7516/2016/09/047}}

@misc{Jones:2001ab,
	Author = {Eric Jones and Travis Oliphant and Pearu Peterson and others},
	Date-Added = {2019-03-12 20:20:39 -0400},
	Date-Modified = {2019-03-12 20:20:40 -0400},
	Note = {[Online; accessed <today>]},
	Title = {{SciPy}: Open source scientific tools for {Python}},
	Url = {http://www.scipy.org/},
	Year = {2001--},
	Bdsk-Url-1 = {http://www.scipy.org/}}

@article{Kerr:1986hz,
	Author = {Kerr, F. J. and Lynden-Bell, Donald},
	Date-Added = {2019-05-09 15:21:21 -0400},
	Date-Modified = {2019-05-09 15:21:21 -0400},
	Journal = {Mon. Not. Roy. Astron. Soc.},
	Pages = {1023},
	Slaccitation = {%%CITATION = MNRAA,221,1023;%%},
	Title = {{Review of galactic constants}},
	Volume = {221},
	Year = {1986}}

@article{Lisanti:2017qoz,
	Adsnote = {Provided by the SAO/NASA Astrophysics Data System},
	Adsurl = {https://ui.adsabs.harvard.edu/abs/2018PhRvD..97f3005L},
	Archiveprefix = {arXiv},
	Author = {{Lisanti}, Mariangela and {Mishra-Sharma}, Siddharth and {Rodd}, Nicholas L. and {Safdi}, Benjamin R. and {Wechsler}, Risa H.},
	Doi = {10.1103/PhysRevD.97.063005},
	Eid = {063005},
	Eprint = {1709.00416},
	Journal = {\prd},
	Keywords = {Astrophysics - Cosmology and Nongalactic Astrophysics, Astrophysics - High Energy Astrophysical Phenomena, High Energy Physics - Phenomenology},
	Month = {Mar},
	Number = {6},
	Pages = {063005},
	Primaryclass = {astro-ph.CO},
	Title = {{Mapping extragalactic dark matter annihilation with galaxy surveys: A systematic study of stacked group searches}},
	Volume = {97},
	Year = {2018},
	Bdsk-Url-1 = {https://doi.org/10.1103/PhysRevD.97.063005}}

@article{Madau:2008fr,
	Adsnote = {Provided by the SAO/NASA Astrophysics Data System},
	Adsurl = {https://ui.adsabs.harvard.edu/abs/2008ApJ...679.1260M},
	Archiveprefix = {arXiv},
	Author = {{Madau}, Piero and {Diemand}, J{\"u}rg and {Kuhlen}, Michael},
	Doi = {10.1086/587545},
	Eprint = {0802.2265},
	Journal = {\apj},
	Keywords = {cosmology: theory, dark matter, galaxies: dwarf, galaxies: formation, galaxies: halos, methods: numerical, Astrophysics},
	Month = {Jun},
	Number = {2},
	Pages = {1260-1271},
	Primaryclass = {astro-ph},
	Title = {{Dark Matter Subhalos and the Dwarf Satellites of the Milky Way}},
	Volume = {679},
	Year = {2008},
	Bdsk-Url-1 = {https://doi.org/10.1086/587545}}

@misc{makecite:2018,
	Author = {Adrian Price-Whelan and Alexandar Mechev and jumeroag},
	Date-Added = {2019-03-12 19:36:07 -0400},
	Date-Modified = {2019-03-12 19:36:07 -0400},
	Doi = {10.5281/zenodo.1343295},
	Month = {August},
	Title = {adrn/makecite: v0.1},
	Url = {https://doi.org/10.5281/zenodo.1343295},
	Year = {2018},
	Bdsk-Url-1 = {https://doi.org/10.5281/zenodo.1343295}}

@misc{Mathematica,
	Author = {Wolfram Research{,} Inc.},
	Date-Added = {2019-04-20 18:09:03 -0400},
	Date-Modified = {2019-04-20 18:09:03 -0400},
	Note = {Champaign, IL, 2019},
	Title = {Mathematica, {V}ersion 12.0}}

@article{Moline:2016pbm,
	Adsnote = {Provided by the SAO/NASA Astrophysics Data System},
	Adsurl = {https://ui.adsabs.harvard.edu/abs/2017MNRAS.466.4974M},
	Archiveprefix = {arXiv},
	Author = {{Molin{\'e}}, {\'A}ngeles and {S{\'a}nchez-Conde}, Miguel A. and {Palomares-Ruiz}, Sergio and {Prada}, Francisco},
	Doi = {10.1093/mnras/stx026},
	Eprint = {1603.04057},
	Journal = {\mnras},
	Keywords = {galaxies: haloes, cosmology: theory, dark matter, Astrophysics - Cosmology and Nongalactic Astrophysics},
	Month = {Apr},
	Number = {4},
	Pages = {4974-4990},
	Primaryclass = {astro-ph.CO},
	Title = {{Characterization of subhalo structural properties and implications for dark matter annihilation signals}},
	Volume = {466},
	Year = {2017},
	Bdsk-Url-1 = {https://doi.org/10.1093/mnras/stx026}}

@article{Mollitor:2014ara,
	Adsnote = {Provided by the SAO/NASA Astrophysics Data System},
	Adsurl = {https://ui.adsabs.harvard.edu/abs/2015MNRAS.447.1353M},
	Archiveprefix = {arXiv},
	Author = {{Mollitor}, Pol and {Nezri}, Emmanuel and {Teyssier}, Romain},
	Doi = {10.1093/mnras/stu2466},
	Eprint = {1405.4318},
	Journal = {\mnras},
	Keywords = {methods: numerical, galaxies: formation, galaxies: haloes, galaxies: spiral, Astrophysics - Astrophysics of Galaxies, Astrophysics - Cosmology and Nongalactic Astrophysics},
	Month = {Feb},
	Number = {2},
	Pages = {1353-1369},
	Primaryclass = {astro-ph.GA},
	Title = {{Baryonic and dark matter distribution in cosmological simulations of spiral galaxies}},
	Volume = {447},
	Year = {2015},
	Bdsk-Url-1 = {https://doi.org/10.1093/mnras/stu2466}}

@manual{mpmath,
	Author = {Fredrik Johansson and others},
	Date-Added = {2019-03-12 19:36:47 -0400},
	Date-Modified = {2019-03-12 19:36:47 -0400},
	Key = {mpmath},
	Month = {December},
	Note = {{\tt http://mpmath.org/}},
	Title = {mpmath: a {P}ython library for arbitrary-precision floating-point arithmetic (version 0.18)},
	Year = {2013}}

@article{Navarro:1995iw,
	Adsnote = {Provided by the SAO/NASA Astrophysics Data System},
	Adsurl = {https://ui.adsabs.harvard.edu/abs/1996ApJ...462..563N},
	Archiveprefix = {arXiv},
	Author = {{Navarro}, Julio F. and {Frenk}, Carlos S. and {White}, Simon D.~M.},
	Doi = {10.1086/177173},
	Eprint = {astro-ph/9508025},
	Journal = {\apj},
	Keywords = {COSMOLOGY: THEORY, COSMOLOGY: DARK MATTER, GALAXIES: HALOS, METHODS: NUMERICAL, Astrophysics},
	Month = {May},
	Pages = {563},
	Primaryclass = {astro-ph},
	Title = {{The Structure of Cold Dark Matter Halos}},
	Volume = {462},
	Year = {1996},
	Bdsk-Url-1 = {https://doi.org/10.1086/177173}}

@article{numpy:2011,
	Adsnote = {Provided by the SAO/NASA Astrophysics Data System},
	Adsurl = {https://ui.adsabs.harvard.edu/abs/2011CSE....13b..22V},
	Archiveprefix = {arXiv},
	Author = {{van der Walt}, St{\'e}fan and {Colbert}, S. Chris and {Varoquaux}, Ga{\"e}l},
	Doi = {10.1109/MCSE.2011.37},
	Eprint = {1102.1523},
	Journal = {Computing in Science and Engineering},
	Keywords = {Computer Science - Mathematical Software},
	Month = {Mar},
	Number = {2},
	Pages = {22-30},
	Primaryclass = {cs.MS},
	Title = {{The NumPy Array: A Structure for Efficient Numerical Computation}},
	Volume = {13},
	Year = {2011},
	Bdsk-Url-1 = {https://doi.org/10.1109/MCSE.2011.37}}

@inproceedings{pandas:2010,
	Author = {Wes McKinney},
	Booktitle = {Proceedings of the 9th Python in Science Conference},
	Date-Added = {2019-03-12 19:35:21 -0400},
	Date-Modified = {2019-03-12 19:35:21 -0400},
	Editor = {St\'efan van der Walt and Jarrod Millman},
	Pages = {51 - 56},
	Title = {Data Structures for Statistical Computing in Python},
	Year = {2010}}

@article{PER-GRA:2007,
	Adsnote = {Provided by the SAO/NASA Astrophysics Data System},
	Adsurl = {https://ui.adsabs.harvard.edu/abs/2007CSE.....9c..21P},
	Author = {{Perez}, Fernando and {Granger}, Brian E.},
	Doi = {10.1109/MCSE.2007.53},
	Journal = {Computing in Science and Engineering},
	Month = {Jan},
	Number = {3},
	Pages = {21-29},
	Title = {{IPython: A System for Interactive Scientific Computing}},
	Volume = {9},
	Year = {2007},
	Bdsk-Url-1 = {https://doi.org/10.1109/MCSE.2007.53}}

@article{Piffl:2013mla,
	Adsnote = {Provided by the SAO/NASA Astrophysics Data System},
	Adsurl = {https://ui.adsabs.harvard.edu/abs/2014A&A...562A..91P},
	Archiveprefix = {arXiv},
	Author = {{Piffl}, T. and {Scannapieco}, C. and {Binney}, J. and {Steinmetz}, M. and {Scholz}, R. -D. and {Williams}, M.~E.~K. and {de Jong}, R.~S. and {Kordopatis}, G. and {Matijevi{\v{c}}}, G. and {Bienaym{\'e}}, O.},
	Date-Modified = {2019-06-05 14:16:52 -0400},
	Doi = {10.1051/0004-6361/201322531},
	Eid = {A91},
	Eprint = {1309.4293},
	Journal = {\aap},
	Keywords = {Galaxy: general, Galaxy: fundamental parameters, Galaxy: kinematics and dynamics, Galaxy: structure, Galaxy: halo, Astrophysics - Galaxy Astrophysics, Astrophysics - Cosmology and Extragalactic Astrophysics},
	Month = {Feb},
	Pages = {A91},
	Primaryclass = {astro-ph.GA},
	Title = {{The RAVE survey: the Galactic escape speed and the mass of the Milky Way}},
	Volume = {562},
	Year = {2014},
	Bdsk-Url-1 = {https://doi.org/10.1051/0004-6361/201322531}}

@article{Plummer:1911zza,
	Author = {Plummer, Henry C.},
	Date-Added = {2019-05-16 17:12:33 -0400},
	Date-Modified = {2019-05-16 17:12:33 -0400},
	Journal = {Mon. Not. Roy. Astron. Soc.},
	Pages = {460-470},
	Slaccitation = {%%CITATION = MNRAA,71,460;%%},
	Title = {{On the problem of distribution in globular star clusters}},
	Volume = {71},
	Year = {1911}}

@article{Rivero:2017mao,
	Adsnote = {Provided by the SAO/NASA Astrophysics Data System},
	Adsurl = {https://ui.adsabs.harvard.edu/abs/2018PhRvD..97b3001D},
	Archiveprefix = {arXiv},
	Author = {{Diaz Rivero}, Ana and {Cyr-Racine}, Francis-Yan and {Dvorkin}, Cora},
	Doi = {10.1103/PhysRevD.97.023001},
	Eid = {023001},
	Eprint = {1707.04590},
	Journal = {\prd},
	Keywords = {Astrophysics - Cosmology and Nongalactic Astrophysics, High Energy Physics - Phenomenology},
	Month = {Jan},
	Number = {2},
	Pages = {023001},
	Primaryclass = {astro-ph.CO},
	Title = {{Power spectrum of dark matter substructure in strong gravitational lenses}},
	Volume = {97},
	Year = {2018},
	Bdsk-Url-1 = {https://doi.org/10.1103/PhysRevD.97.023001}}

@article{Sanchez-Conde:2013yxa,
	Archiveprefix = {arXiv},
	Author = {S{\'a}nchez-Conde, Miguel A. and Prada, Francisco},
	Date-Added = {2019-05-09 16:46:15 -0400},
	Date-Modified = {2019-05-09 16:46:15 -0400},
	Doi = {10.1093/mnras/stu1014},
	Eprint = {1312.1729},
	Journal = {Mon. Not. Roy. Astron. Soc.},
	Number = {3},
	Pages = {2271-2277},
	Primaryclass = {astro-ph.CO},
	Slaccitation = {%%CITATION = ARXIV:1312.1729;%%},
	Title = {{The flattening of the concentration--mass relation towards low halo masses and its implications for the annihilation signal boost}},
	Volume = {442},
	Year = {2014},
	Bdsk-Url-1 = {https://doi.org/10.1093/mnras/stu1014}}

@article{Sawala:2015cdf,
	Adsnote = {Provided by the SAO/NASA Astrophysics Data System},
	Adsurl = {https://ui.adsabs.harvard.edu/abs/2016MNRAS.457.1931S},
	Archiveprefix = {arXiv},
	Author = {{Sawala}, Till and {Frenk}, Carlos S. and {Fattahi}, Azadeh and {Navarro}, Julio F. and {Bower}, Richard G. and {Crain}, Robert A. and {Dalla Vecchia}, Claudio and {Furlong}, Michelle and {Helly}, John. C. and {Jenkins}, Adrian},
	Doi = {10.1093/mnras/stw145},
	Eprint = {1511.01098},
	Journal = {\mnras},
	Keywords = {galaxies: evolution, galaxies: formation, cosmology: theory, Astrophysics - Astrophysics of Galaxies, Astrophysics - Cosmology and Nongalactic Astrophysics},
	Month = {Apr},
	Number = {2},
	Pages = {1931-1943},
	Primaryclass = {astro-ph.GA},
	Title = {{The APOSTLE simulations: solutions to the Local Group's cosmic puzzles}},
	Volume = {457},
	Year = {2016},
	Bdsk-Url-1 = {https://doi.org/10.1093/mnras/stw145}}

@article{Schoenrich:2009bx,
	Adsnote = {Provided by the SAO/NASA Astrophysics Data System},
	Adsurl = {https://ui.adsabs.harvard.edu/abs/2010MNRAS.403.1829S},
	Archiveprefix = {arXiv},
	Author = {{Sch{\"o}nrich}, Ralph and {Binney}, James and {Dehnen}, Walter},
	Doi = {10.1111/j.1365-2966.2010.16253.x},
	Eprint = {0912.3693},
	Journal = {\mnras},
	Keywords = {stars: kinematics, Galaxy: disc, Galaxy: fundamental parameters, Galaxy: kinematics and dynamics, solar neighbourhood, Astrophysics - Astrophysics of Galaxies},
	Month = {Apr},
	Number = {4},
	Pages = {1829-1833},
	Primaryclass = {astro-ph.GA},
	Title = {{Local kinematics and the local standard of rest}},
	Volume = {403},
	Year = {2010},
	Bdsk-Url-1 = {https://doi.org/10.1111/j.1365-2966.2010.16253.x}}

@article{Springel:2008cc,
	Adsnote = {Provided by the SAO/NASA Astrophysics Data System},
	Adsurl = {https://ui.adsabs.harvard.edu/abs/2008MNRAS.391.1685S},
	Archiveprefix = {arXiv},
	Author = {{Springel}, V. and {Wang}, J. and {Vogelsberger}, M. and {Ludlow}, A. and {Jenkins}, A. and {Helmi}, A. and {Navarro}, J.~F. and {Frenk}, C.~S. and {White}, S.~D.~M.},
	Doi = {10.1111/j.1365-2966.2008.14066.x},
	Eprint = {0809.0898},
	Journal = {\mnras},
	Keywords = {methods: numerical, dark matter, Astrophysics},
	Month = {Dec},
	Number = {4},
	Pages = {1685-1711},
	Primaryclass = {astro-ph},
	Title = {{The Aquarius Project: the subhaloes of galactic haloes}},
	Volume = {391},
	Year = {2008},
	Bdsk-Url-1 = {https://doi.org/10.1111/j.1365-2966.2008.14066.x}}

@article{vandenBosch:2017ynq,
	Adsnote = {Provided by the SAO/NASA Astrophysics Data System},
	Adsurl = {https://ui.adsabs.harvard.edu/abs/2018MNRAS.474.3043V},
	Archiveprefix = {arXiv},
	Author = {{van den Bosch}, Frank C. and {Ogiya}, Go and {Hahn}, Oliver and {Burkert}, Andreas},
	Doi = {10.1093/mnras/stx2956},
	Eprint = {1711.05276},
	Journal = {\mnras},
	Keywords = {gravitation, methods: analytical, methods: numerical, galaxies: haloes, dark matter, Astrophysics - Astrophysics of Galaxies, Astrophysics - Cosmology and Nongalactic Astrophysics},
	Month = {Mar},
	Number = {3},
	Pages = {3043-3066},
	Primaryclass = {astro-ph.GA},
	Title = {{Disruption of dark matter substructure: fact or fiction?}},
	Volume = {474},
	Year = {2018},
	Bdsk-Url-1 = {https://doi.org/10.1093/mnras/stx2956}}

@article{vandenBosch:2018tyt,
	Adsnote = {Provided by the SAO/NASA Astrophysics Data System},
	Adsurl = {https://ui.adsabs.harvard.edu/abs/2018MNRAS.475.4066V},
	Archiveprefix = {arXiv},
	Author = {{van den Bosch}, Frank C. and {Ogiya}, Go},
	Doi = {10.1093/mnras/sty084},
	Eprint = {1801.05427},
	Journal = {\mnras},
	Keywords = {instabilities, methods: numerical, galaxies: haloes, dark matter, Astrophysics - Astrophysics of Galaxies, Astrophysics - Cosmology and Nongalactic Astrophysics},
	Month = {Apr},
	Number = {3},
	Pages = {4066-4087},
	Primaryclass = {astro-ph.GA},
	Title = {{Dark matter substructure in numerical simulations: a tale of discreteness noise, runaway instabilities, and artificial disruption}},
	Volume = {475},
	Year = {2018},
	Bdsk-Url-1 = {https://doi.org/10.1093/mnras/sty084}}

@article{VanTilburg:2018ykj,
	Adsnote = {Provided by the SAO/NASA Astrophysics Data System},
	Adsurl = {https://ui.adsabs.harvard.edu/abs/2018JCAP...07..041V},
	Archiveprefix = {arXiv},
	Author = {{Van Tilburg}, Ken and {Taki}, Anna-Maria and {Weiner}, Neal},
	Doi = {10.1088/1475-7516/2018/07/041},
	Eid = {041},
	Eprint = {1804.01991},
	Journal = {Journal of Cosmology and Astro-Particle Physics},
	Keywords = {Astrophysics - Cosmology and Nongalactic Astrophysics, Astrophysics - Astrophysics of Galaxies, Astrophysics - Instrumentation and Methods for Astrophysics, High Energy Physics - Phenomenology},
	Month = {Jul},
	Number = {7},
	Pages = {041},
	Primaryclass = {astro-ph.CO},
	Title = {{Halometry from astrometry}},
	Volume = {2018},
	Year = {2018},
	Bdsk-Url-1 = {https://doi.org/10.1088/1475-7516/2018/07/041}}
